1858 3320
728 227 1021 270 ...61—

90 361 155 404 De
175 360 394 404 nonnullis
418 365 563 403 autem
584 357 930 410 difficultatibus,
964 371 1077 413 quae
1104 357 1381 400 offenderunt
1401 358 1661 413 interpretes

88 420 134 462 in
165 436 231 463 vv.
255 419 504 471 427—432‚
536 418 652 461 111113
685 419 928 462 accuratius
961 418 1185 460 disseram.

206 479 328 522 Idem
375 479 492 535 quod
518 479 709 535 judicavi
740 479 793 520 de
823 494 891 521 vv.
925 477 1160 520 427—-435
1195 480 1261 519 est
1294 477 1574 532 judicandum
1606 476 1660 519 de

89 555 156 583 vv.
180 540 429 582 899—905.
492 538 692 594 Namque
724 552 778 580 ne
809 537 888 580 hos
922 537 1098 591 quidem
1129 550 1279 579 versus
1313 534 1363 578 G.
1387 535 1663 579 Hermannus

88 602 139 641 ut
171 599 279 641 alios
311 600 508 642 omittam
540 598 615 652 qui
644 598 759 640 idem
790 601 891 639 ante
923 611 1022 639 eum
1053 599 1155 639 sunt
1176 596 1332 647 conati,
1352 596 1470 651 juste
1493 595 1663 650 redegit

88 659 134 700 in
171 673 371 701 numeros
411 657 753 714 antistrophicos
816 656 988 700 Etenim
1026 669 1294 712 quamquam
1324 659 1439 698 recte
1472 658 1662 697 mutasse

88 718 259 760 videtur
305 717 366 758 ὅτι
410 719 455 759 111
493 716 563 758 ὅτε
600 716 882 773 particulam,
922 718 972 758 ut
1005 719 1122 759 esset
1157 714 1253 755 »ὅτε
1285 713 1436 770 ὁμαλὸς
1464 714 1486 754 ὁ
1510 714 1658 769 γάμος<<

89 778 305 820 sententia
357 777 606 832 temporalis
651 791 764 832 quae
801 775 892 819 fere
930 776 1107 819 abiisset
1151 776 1197 816 in
1244 774 1517 817 enuntiatum
1563 788 1663 817 con-

89 837 308 888 ditionale,
342 841 489 879 tamen
519 837 704 893 primum
736 834 832 878 οὐὸέ
860 835 1112 892 particulae,
1147 848 1278 890 quam
1309 837 1410 877 ante
1444 832 1557 874 δέδια
1585 848 1662 889 po-

87 897 174 939 suit
205 898 298 940 loco
330 894 390 946 ov',
428 897 551 939 nulla
581 910 711 940 causa
742 899 886 951 potest
917 895 1172 950 excogitari3
1212 893 1369 936 deinde
1408 894 1454 935 in
1485 909 1552 936 vv.
1577 894 1661 937 900

90 957 255 1008 -901,
304 957 349 998 in
396 970 502 1010 quos
547 956 620 999 ille
667 959 769 998 ante
816 954 1061 1012 κρεισσόνων
1106 954 1340 997 inculcavit
1387 967 1456 993 τοι)
1496 950 1663 1008 (τινος),

88 1020 268 1072 propter
311 1016 572 1058 sententiam
618 1015 724 1058 nihil
769 1029 944 1070 prorsus
983 1014 1275 1064 desideratum
1322 1013 1501 1056 tandem
1531 1014 1664 1056 verba

87 1076 250 1118 tradita
271 1073 451 1131 ἄφυκτον
473 1072 582 1131 ὄμμα
606 1073 852 1131 προσὸζοάκοι
867 1089 922 1130 με
946 1075 1130 1118 mutavit
1149 1074 1387 1117 liberrime:
1422 1073 1663 1129 postposuit

89 1136 203 1178 enim
251 1149 306 1191 με
350 1149 587 1191 pronomen
634 1135 698 1177 illi
746 1149 827 1184 τοο,
879 1135 1049 1190 reliqua
1094 1138 1242 1177 autem
1288 1133 1558 1189 transposuit
1605 1133 1664 1175 sic

94 1193 369 1251 »προσδράκοι
391 1191 481 1249 ‘Qu’
509 1192 732 1250 ἅφυκτον<<.
752 1222 756 1225 Α

205 1255 305 1298 Jam
326 1255 400 1309 qui
424 1254 599 1308 quidem
617 1254 811 1297 tabulam
842 1254 1076 1310 inspexerit
1108 1267 1238 1308 quam
1270 1253 1324 1296 de
1340 1251 1543 1308 Aeschyli
1574 1255 1663 1294 tra-

88 1314 340 1369 goediarum
363 1315 540 1357 canticis
560 1314 853 1370 Westphalius
882 1314 1106 1369 exscripsit
1126 1314 1171 1355 in
1192 1311 1362 1368 Proleg.
1380 1327 1451 1368 pp,
1472 1312 1661 1363 10—13,

86 1373 212 1417 facile
243 1373 459 1428 intelliget
488 1373 630 1416 Proin.
662 1373 835 1416 fabulae
868 1373 1059 1416 carmina
1088 1376 1180 1416 tam
1209 1387 1364 1429 parum
1396 1386 1488 1414 esse
1519 1371 1665 1427 ampla

86 1437 137 1476 ut
167 1434 322 1476 mirum
343 1434 388 1475 in
410 1433 585 1476 modum
607 1433 812 1476 differant
834 1447 860 1475 a
881 1447 1046 1476 summa
1068 1433 1305 1475 carminum
1327 1432 1663 1488 Aeschyleorum

86 1493 386 1549 amplitudine.
448 1492 622 1536 Etenim
658 1493 786 1549 hujus
824 1496 979 1549 poetae
1019 1493 1186 1536 cantica
1215 1492 1376 1535 habere
1409 1492 1551 1535 solent
1581 1492 1662 1533 mi-

86 1553 251 1595 nimum
281 1553 366 1595 tria
397 1554 634 1596 carminum
666 1554 808 1608 paria,
839 1567 982 1609 neque
1015 1556 1162 1595 tamen
1193 1566 1292 1595 raro
1323 1553 1375 1594 fit
1404 1555 1454 1594 ut
1475 1551 1663 1594 habeant

89 1613 280 1667 quinque
313 1613 504 1655 carmina
535 1612 858 1668 antistrophica.
922 1613 1073 1667 Agam.
1106 1627 1209 1655 vero
1240 1611 1414 1655 fabulae
1448 1612 1662 1654 canticum

0 1691 2 1700 =
85 1673 205 1728 prius
238 1672 537 1728 complectitur
568 1676 748 1729 septem,
780 1673 899 1728 prius
933 1672 1082 1728 Suppl.
1115 1671 1287 1715 fabulae
1320 1672 1535 1715 canticum
1567 1675 1662 1714 octo

86 1731 285 1788 strophas
330 1732 726 1788 antistrophasque.
791 1731 890 1774 Tria
935 1736 1106 1774 tantum
1153 1735 1305 1774 extant
1351 1732 1542 1774 carmina
1587 1730 1663 1773 illa

85 1790 228 1835 Prom.
260 1791 433 1835 fabulae
467 1793 635 1835 cantica
665 1792 949 1847 amplitudine
996 1806 1082 1834 non
1130 1792 1393 1846 superantia.
1457 1791 1661 1834 Attamen

89 1853 276 1908 primum
307 1851 425 1894 chori
457 1852 638 1903 cantica,
673 1865 784 1906 quae
817 1855 918 1894 sunt
948 1852 990 1893 in
1014 1851 1142 1907 hujus
1175 1851 1370 1907 ejusdem
1390 1850 1563 1894 fabulae
1585 1865 1661 1907 pa-

86 1911 205 1962 rodo,
239 1911 381 1954 solent
412 1912 553 1967 excipi
573 1911 820 1954 Promethei
851 1912 1112 1967 anapaestis,
1147 1914 1279 1966 atque
1300 1911 1460 1953 habere
1490 1911 1663 1954 videtur

85 1971 275 2027 parodus
292 1972 495 2014 universa
516 1971 845 2027 amplitudinem
867 1971 1078 2028 Aeschylo
1101 1972 1288 2026 dignam.
1319 1970 1486 2013 Deinde
1508 1970 1658 2025 Agam.

85 2031 257 2074 fabulae
305 2031 390 2074 duo
436 2032 672 2074 carminum
718 2032 841 2087 paria
879 2044 990 2086 quae
1030 2034 1134 2073 ’811111
1171 2032 1215 2073 111
1246 2047 1312 2073 vv.
1349 2031 1581 2074 938—987
1618 2034 1662 2072 et

84 2091 180 2146 ipsa
226 2105 439 2133 summum
485 2104 689 2134 versuum
726 2094 880 2134 tenent
911 2105 1139 2134 numerum
1169 2091 1353 2145 ideoque
1386 2091 1456 2132 vix
1488 2090 1662 2133 videtur

86 2164 180 2193 esse
213 2150 374 2193 violata
403 2150 474 2194 lex
496 2150 748 2206 Aeschylea.
811 2150 918 2193 Tum
941 2150 1059 2206 Sept.
1082 2150 1254 2193 fabulae
1283 2151 1509 2202 canticum,
1543 2149 1661 2206 quod

88 2214 153 2253 est
198 2211 243 2252 in
290 2226 356 2252 vv.
391 2211 639 2262 813—839,
690 2224 742 2252 ea
788 2210 842 2253 de
879 2223 1006 2254 causa
1043 2224 1070 2252 a
1101 2214 1231 2266 poeta
1261 2225 1347 2252 non
1379 2210 1564 2265 amplius
1597 2213 1662 2252 est

85 2270 342 2326 productum
375 2270 492 2324 quod
523 2270 854 2326 interrumpitur
875 2270 1117 2325 Antigonae
1150 2274 1195 2313 et
1226 2270 1422 2312 Ismenae
1450 2269 1658 2312 adventu:

0 2331 7 2336 “
86 2343 197 2384 quae
228 2333 459 2384 postquam
492 2343 617 2372 suum
647 2330 693 2372 in
721 2329 863 2373 locum
884 2333 1200 2385 processerunt,
1235 2330 1376 2372 denuo
1398 2329 1552 2372 chorus
1573 2342 1661 2372 una

89 2403 186 2432 cum
215 2390 268 2432 iis
300 2389 521 2445 planctum
554 2389 682 2433 edere
714 2391 868 2446 pergit.

205 2449 358 2504 Itaque
391 2450 627 2492 carminum
658 2450 847 2493 brevitas
880 2453 948 2493 est
979 2451 1118 2506 prima
1150 2462 1280 2492 causa
1312 2463 1385 2491 cur
1416 2463 1468 2491 ea
1489 2450 1543 2491 ab
1564 2450 1658 2505 ipso

88 2508 300 2564 Aeschylo
346 2508 542 2565 profecta
588 2523 679 2552 esse
728 2524 894 2564 negem.
958 2509 1109 2552 Altera
1155 2522 1286 2552 031183
1332 2509 1486 2550 nititur
1524 2523 1576 2551 ea
1612 2523 1658 2551 re

86 2568 203 2622 quod
234 2570 425 2611 omnium
456 2568 546 2611 fere
579 2570 815 2612 carminum
838 2570 1006 2611 numeri
1028 2569 1261 2611 abhorrent
1281 2582 1308 2610 a
1329 2582 1447 2611 more
1470 2568 1659 2624 Aeschy-

86 2627 167 2679 leo,
201 2642 338 2683 pauca
370 2628 480 2671 tales
510 2628 673 2671 habent
703 2643 904 2671 numeros
937 2629 1089 2683 quales
1120 2628 1399 2671 inveniuntur
1430 2629 1561 2671 etiam
1589 2643 1658 2671 00-

85 2688 190 2730 teris
235 2689 278 2729 in
326 2687 575 2742 tragoediis.
638 2687 695 2730 Et
740 2689 925 2743 primum
974 2689 1165 2731 carmina
1208 2701 1319 2743 quae
1358 2691 1460 2730 sunt
1500 2688 1602 2731 inde
1633 2702 1660 2730 a

85 2762 126 2789 v,
149 2746 230 2788 401
266 2748 416 2789 iisdem
449 2747 539 2790 fere
571 2748 760 2790 numeris
792 2751 977 2790 utuntur
1007 2751 1138 2803 atquc
1170 2747 1322 2803 pai-odi
1344 2748 1463 2803 prius
1486 2762 1659 2791 carmen

86 2806 462 2862 antistrophicum:
498 2821 605 2861 quos
638 2821 839 2849 numeros
873 2807 1071 2864 Aeschyli
1103 2811 1196 2850 arte
1230 2822 1314 2849 non
1345 2821 1439 2849 0880
1461 2809 1658 2862 indignos

86 2879 218 2920 supra
263 2865 323 2922 (p.
348 2866 424 2920 56)
472 2867 578 2908 satis
624 2866 808 2909 ostendi.
875 2867 965 2910 Hoc
1012 2881 1145 2909 unum
1194 2881 1345 2910 moneo
1377 2868 1566 2909 omnium
1601 2868 1657 2910 si-

87 2925 267 2967 millima
305 2940 398 2968 0880
438 2925 503 2968 1118
542 2927 800 2968 carminibus
834 2926 952 2982 Sept..
987 2927 1158 2969 fabulae
1191 2927 1381 2970 carmina
1413 2942 1523 2981 quae
1557 2931 1659 2969 811111

85 2986 129 3027 111
163 3001 227 3027 vv.
251 2986 336 3028 703
369 3000 464 3040 sqq.
