1858 3320
866 213 1157 254 ,22-

235 344 505 385 obstaturam
537 342 617 392 ait3
657 345 700 384 et
731 355 816 396 quo
848 341 996 383 durius
1034 354 1189 396 praeco
1227 341 1388 396 repetit
1422 342 1589 397 patriae
1624 342 1794 386 hostem
1835 345 1857 390 a!

235 401 448 454 exsequiis
468 400 669 443 honorari
691 415 775 443 non
797 399 938 449 licere,
973 414 1024 442 eo
1046 400 1204 446 certius
1224 400 1466 455 profitetur,
1498 415 1592 444 sese
1613 401 1794 445 fratrem
1837 404 1858 448 α*

234 463 376 502 terrae
408 460 575 515 patriae
599 474 692 502 esse
725 459 994 500 tradituram.
1059 458 1186 501 Chori
1206 463 1352 502 autem
1379 460 1466 502 dux
1493 460 1635 503 animo
1662 459 1796 503 volvit

235 699 365 749 atque
398 695 612 738 Ismenam
644 695 766 748 sequi
798 697 864 736 est
895 694 1136 749 cogitanda.

358 753 442 796 Sed
465 754 687 808 quaeritur
710 753 821 795 sitne
850 756 1043 795 extrema
1058 767 1171 809 pars,
1191 768 1300 808 quae
1317 768 1531 797 summum
1547 754 1796 809 tragoediae

236 812 457 855 consilium
490 813 726 866 egreditur,
768 812 861 854 dico
895 826 989 854 eam
1029 817 1198 868 partem
1244 827 1356 867 quae
1395 818 1462 856 est
1498 814 1550 856 de
1587 827 1797 870 praecone

236 876 482 914 senatorum
511 873 684 914 decreta
714 872 941 914 nuntiante
974 876 1018 914 et
1049 873 1101 914 de
1123 872 1339 926 Antigona
1369 873 1551 916 decretis
1582 873 1795 925 obstante,

237 932 297 973 sio
318 934 564 986 comparata
594 934 642 972 ut
669 931 766 973 finis
796 931 993 985 trilogiae
1016 930 1286 987 Oedipodeae
1314 946 1408 974 esse
1435 933 1586 988 possit.
1627 931 1799 976 Etenim

238 993 471 1044 antequam
502 989 698 1052 trilogiae
722 990 950 1033 didascalia
980 991 1157 1033 inventa
1178 995 1254 1041 est,
1287 991 1400 1034 docti
1428 1006 1522 1034 cum
1550 991 1644 1034 aliis
1672 992 1800 1034 rebus
1849 1007 1858 1033 ι

237 1053 329 1091 tum
359 1049 627 1104 potissimum
657 1063 784 1091 scena
813 1049 887 1091 illa
919 1053 1112 1092 extrema
1131 1051 1237 1092 moti
1268 1054 1370 1092 sunt
1389 1054 1439 1092 ut
1460 1050 1578 1106 Sept.
1609 1050 1799 1093 fabulam
1851 1071 1853 1073 ¹

239 1108 325 1150 alia
356 1109 539 1162 quadam
577 1109 801 1162 tragoedia
839 1112 1062 1164 exceptam
1094 1123 1185 1151 esse
1218 1112 1472 1152 statuerent.
1550 1109 1635 1153 Sed
1665 1124 1715 1152 eo
1747 1124 1799 1152 ex
1855 1143 1858 1147 Α

237 1172 430 1223 tempore
462 1181 546 1222 quo
575 1167 803 1210 didescalia
827 1168 1004 1210 inventa
1036 1171 1205 1210 constat
1237 1168 1355 1224 Sept.
1384 1168 1576 1211 fabulam
1603 1167 1800 1224 trilogiae

237 1227 370 1270 fuisse
417 1230 674 1278 extremam,
722 1227 983 1283 interpretes
1027 1228 1071 1270 id
1117 1241 1245 1282 agere
1292 1231 1394 1270 sunt
1424 1227 1539 1270 soliti
1574 1232 1626 1270 ut
1655 1231 1800 1271 osten-

239 1286 394 1329 derent
439 1287 706 1341 tragoediam
736 1286 812 1328 illa
850 1287 895 1328 in
943 1300 1071 1329 scena
1116 1287 1337 1342 aptissime
1381 1301 1506 1342 posse
1552 1287 1800 1330 subsistere.

239 1346 295 1389 Et
327 1349 421 1388 erat
450 1346 503 1388 iis
536 1346 916 1388 demonstrandum
953 1348 1217 1401 spectatores
1255 1360 1342 1388 non
1374 1360 1544 1390 securos
1575 1360 1716 1401 neque
1748 1347 1802 1390 de

238 1405 442 1460 Polynice
474 1405 694 1461 sepliendo
715 1419 856 1460 neque
880 1406 931 1448 de
953 1405 1195 1459 Antigonae
1227 1405 1366 1448 salute
1389 1420 1412 1448 e
1433 1405 1604 1449 theatro
1631 1405 1801 1449 dimitti.

239 1465 361 1516 Quod
408 1468 457 1506 ut
503 1466 799 1515 ostenderent,
852 1464 932 1507 hoc
974 1465 1244 1520 potissimum
1289 1469 1543 1520 argumento
1589 1466 1658 1508 usi
1688 1469 1801 1516 sunt,

239 1524 499 1579 Antigonam
530 1527 622 1566 tam
642 1524 743 1566 forti
775 1524 917 1566 animo
938 1538 1092 1566 munus
1124 1523 1270 1566 fratris
1303 1524 1540 1580 sepeliendi
1571 1525 1801 1580 suscipere,

240 1584 310 1626 vix
341 1587 391 1625 ut
422 1587 687 1639 spectatores
725 1584 922 1627 dubitare
961 1587 1141 1639 possent
1179 1584 1283 1637 quin
1314 1598 1466 1627 revera
1497 1598 1548 1627 eo
1582 1587 1697 1626 esset
1729 1584 1803 1627 de-

239 1643 452 1685 functura.
537 1642 648 1685 Huic
694 1645 948 1697 argumento
994 1642 1100 1685 haec
1145 1643 1345 1685 videntur
1391 1657 1485 1686 esse
1530 1643 1802 1700 opponenda:

240 1704 426 1758 primum
458 1703 494 1744 si
526 1703 607 1744 sibi
636 1703 932 1758 proposuisset
967 1706 1098 1758 poeta
1133 1706 1182 1744 ut
1221 1706 1486 1757 spectatores
1518 1703 1570 1745 de
1601 1701 1805 1758 Polynice

241 1761 486 1818 sepeliendo
518 1765 657 1804 certos
679 1763 884 1813 mitteret,
918 1762 1061 1817 aptius
1093 1776 1183 1804 rem
1214 1762 1275 1804 sic
1299 1765 1473 1817 poterat
1502 1762 1727 1805 instituere
1755 1765 1806 1804 ut

242 1835 497 1877 praeconem
519 1821 691 1864 omnino
712 1836 798 1864 non
819 1821 1096 1876 produceret3
1130 1821 1282 1864 deinde
1305 1836 1388 1876 quo
1410 1822 1569 1864 certius
1590 1821 1807 1876 Antigona

241 1895 335 1924 sese
382 1884 630 1923 senatorum
668 1882 886 1923 decretum
933 1883 1276 1935 contempturam
1321 1895 1414 1923 esse
1460 1881 1706 1936 profitetur,
1755 1894 1806 1922 eo

242 1940 379 1994 magis
411 1940 604 1995 suspensi
634 1941 745 1982 fiunt
781 1940 919 1982 nostri
958 1940 1090 1982 animi
1121 1941 1172 1982 de
1204 1939 1320 1982 illius
1358 1939 1509 1983 salute.
1578 1939 1662 1982 Sed
1694 1940 1808 1982 dicat

244 2000 458 2055 quispiam
509 1999 652 2041 nihil·
666 1999 987 2042 commemorari
1047 1999 1130 2040 nisi
1177 2002 1426 2041 senatorum
1471 1999 1674 2048 vetitum3
1720 2013 1807 2041 non
1857 1993 1858 2022 ³

245 2059 371 2115 adjici
410 2058 550 2113 qualis
588 2073 728 2114 poena
758 2059 815 2100 sit
844 2058 1009 2109 futura,
1058 2059 1094 2101 si
1130 2059 1226 2112 quis
1257 2057 1503 2113 Polynicem
1549 2058 1804 2114 sepeliverit.

245 2118 337 2160 Hoc
368 2119 551 2160 concedo
598 2122 746 2173 aperte
783 2132 967 2173 poenam
998 2132 1082 2160 non
1114 2118 1363 2172 significari:
1418 2118 1493 2161 sed
1524 2118 1598 2172 qui
1636 2117 1807 2172 quidem

245 2191 350 2220 sano
393 2178 553 2233 judicio
584 2181 745 2228 utatur,
784 2176 908 2219 facile
954 2177 1168 2231 intelliget
1212 2177 1431 2220 obversari
1474 2180 1629 2233 poetae
1665 2177 1807 2219 animo

245 2251 428 2292 poenam
460 2237 757 2291 gravissimam
787 2236 1029 2291 Antigonae
1066 2236 1215 2292 populi
1246 2238 1418 2279 decreto
1449 2236 1640 2279 obstanti
1668 2236 1808 2278 immi-

245 2299 434 2338 nentem.
512 2295 622 2338 Nam
669 2296 705 2338 si
750 2295 830 2338 hoc-
875 2296 1140 2350 negabimus,
1189 2299 1233 2338 et
1277 2296 1500 2351 praeconis
1546 2295 1728 2338 vetitum
1764 2298 1810 2337 et

247 2356 487 2409 Antigonae
519 2355 684 2398 facinus
707 2355 867 2397 nullius
899 2355 990 2398 fere
1022 2358 1149 2397 erunt
1169 2356 1395 2405 momenti3
1427 2370 1480 2397 ex
1509 2355 1646 2410 ipsius
1667 2354 1810 2410 potius

246 2415 424 2470 virginis
455 2415 596 2457 verbis
634 2415 740 2457 satis
777 2418 958 2470 apparet
1012 2429 1106 2458 eam
1138 2428 1302 2456 summo
1341 2415 1502 2457 versari
1531 2415 1576 2456 in
1606 2412 1809 2470 periculo.

248 2474 445 2529 Namque
466 2475 511 2516 in
542 2490 608 2517 vv.
643 2475 955 2517 1012-10132

593 2532 672 2586 ἐγώ
705 2547 784 2588 σφε
816 2531 942 2588 θάψω
972 2532 1072 2574 κάνὰ
1103 2531 1279 2574 κίνδυνον
1306 2532 1424 2586 βαλῶ

592 2590 747 2647 θάῴαᾰ
778 2592 957 2649 ἀδελφὸν
988 2591 1054 2633 τὸν
1085 2591 1179 2648 ἐμόν

249 2653 345 2707 ipsa
395 2653 623 2708 profitetur
688 2666 782 2695 sese
839 2652 1075 2708 periculum
1135 2651 1348 2706 quoddam
1407 2665 1500 2694 esse
1561 2651 1810 2693 subituram.

250 2711 401 2766 Neque
447 2712 588 2753 minus
625 2712 678 2753 de
721 2711 910 2766 periculo
957 2712 1145 2766 cogitare
1191 2711 1380 2761 videtur,
1429 2725 1525 2753 cum
1561 2714 1711 2753 utatur
1745 2725 1811 2752 vv.

595 2829 728 2885 τοιγὰρ
762 2828 920 2871 θέλουσ)
951 2829 1080 2871 ἄκοντι
1109 2830 1282 2870 κοινώνει
1312 2831 1456 2877 κακῶν,

596 2886 883 2945 ψυχή,θανόντι
906 2889 1018 2936 ζῶσα
1049 2889 1228 2943 συγγόνῳ
1260 2887 1389 2943 φρενί.

254 2947 372 2997 Quae
403 2948 535 2990 verba
564 2948 608 2988 in
640 2948 887 2991 universum
918 2948 997 2990 hoc
1029 2949 1175 2991 dicunt
1217 2948 1402 3002 »itaque‚
1437 2946 1566 3003 φυχή,
1597 2945 1814 3002 particeps

1839 450 1858 491 fl

233 522 379 560 utrum
400 518 617 561 Eteoclem
648 521 934 573 prosequatur
965 530 1020 559 an
1050 518 1193 573 potius
1224 516 1483 572 Polynicem,
1517 520 1590 574 qui
1620 533 1648 562 a
1676 518 1794 562 nullo
1842 522 1858 554 ἐ

234 577 436 632 lugeatur
465 577 547 618 nisi
579 591 606 619 a
637 591 805 626 sorore;
838 579 881 618 et
913 575 1015 618 dum
1047 590 1147 618 suos
1178 590 1374 631 quaeque
1406 591 1507 633 pars
1538 582 1795 634 anapaestos
1853 616 1855 618 ,

235 636 410 691 repetit,
458 636 597 678 altera
628 635 875 690 Polynicem
913 638 1044 689 atque
1076 636 1354 689 Antigonam,
1403 636 1542 680 altera
1578 636 1796 680 Eteoclem
1846 656 1852 673 τ
