1858 3320
665 250 957 293 ,13-

14 426 18 435 2
81 381 396 437 gumentationi
416 380 520 423 mihi
540 381 715 437 quidem
730 380 934 423 videntur
949 394 1035 422 non
1055 393 1195 436 pauca
1215 393 1308 422 esse
1325 380 1594 435 opponenda.

4 438 20 496 ‚s
48 473 50 475 »
90 441 100 450 “
147 455 222 484 11111
253 440 484 484 difficultas
512 454 539 483 a
557 439 791 482 Ritschelio
823 443 974 482 notata
1004 443 1072 482 est
1103 442 1254 482 exorta
1283 439 1478 482 versibus
1509 439 1596 481 illis

0 502 20 555 ἔ
53 514 83 543 x
103 501 350 556 conjectura
370 500 661 556 transpositis:
696 501 817 556 cujus
839 503 986 542 tamen
1016 498 1364 554 transpositionis
1393 498 1597 554 equidem

0 549 19 603 ᾖ
58 559 193 602 11113111
213 560 336 603 video
368 573 555 602 causam.
617 558 789 602 Etenim
808 560 995 615 primum
1017 556 1222 614 ἐξεύρημα
1243 558 1327 600 (1101
1348 557 1460 600 solet
1480 558 1596 614 quod

77 618 231 662 llerter
267 617 397 675 (hanc
434 620 520 662 vim
556 618 690 661 habet
721 616 770 664 ἐξ
802 617 1083 674 praepositio)
1125 621 1192 660 est
1227 618 1463 660 inventum.
1528 617 1597 660 Sic

0 668 16 722 fi
51 677 144 735 pud
165 678 434 721 Herodotum
463 679 509 720 in
539 679 667 734 primi
698 678 797 720 libri
828 692 863 721 0.
897 679 954 720 94
1000 677 1042 718 αἱ
1074 674 1251 730 παιγνιαί
1286 676 1518 732 Lydorum,
1551 677 1596 718 in

7 742 12 778 ζ
46 737 222 794 Jusdem
253 738 352 781 libri
383 752 417 780 0.
454 739 535 781 171
570 741 823 780 ornamenta
868 738 1025 793 quibus
1056 750 1176 779 arma
1217 737 1362 779 ornari
1398 735 1598 779 solebant

6 835 13 838 .,
62 810 186 839 arum
208 794 466 854 ἐξευρήματα
488 798 700 840 dicuntur.
763 797 917 853 Itaque
948 798 1044 852 ipsa
1062 796 1259 839 vocabuli
1280 796 1596 850 significatione

0 884 2 888 v
74 856 270 899 ducimur
313 857 358 898 in
403 857 824 912 interpretationem,
873 856 977 898 olim
1022 855 1077 898 ab
1124 855 1435 912 interpretibus
1481 870 1595 898 com-

0 926 11 954 1
70 916 290 958 endatam:
339 916 530 971 pertinet
568 913 774 972 ἐξεύρημα
811 915 868 958 ad
916 915 1056 972 clypei
1101 916 1269 969 insigne
1329 929 1462 971 supra
1500 916 1595 958 des-

0 968 9 1013 l
49 974 233 1031 riptum„
283 978 413 1030 atque
458 975 703 1030 cogitantur
752 975 938 1029 insignia
968 988 996 1018 a
1027 974 1209 1017 ducibus
1255 975 1361 1031 ipsis
1407 975 1594 1018 inventa.

57 1034 111 1077 ed
141 1047 318 1090 prorsus
349 1033 564 1090 frangitur
584 1034 780 1077 vocabuli
811 1035 888 1085 vis,
922 1035 959 1076 si
989 1048 1140 1077 versus
1162 1033 1446 1090 subsequenti
1476 1039 1595 1090 post-

0 1101 6 1146 ?
81 1098 226 1136 netur:
274 1107 375 1136 nam
407 1095 467 1137 sic
504 1095 549 1136 in
579 1095 828 1137 universum
869 1094 1024 1136 (11011111
1053 1094 1106 1136 (10
1139 1093 1318 1136 ducibus
1349 1094 1520 1149 Argivis
1552 1098 1597 1136 et

0 1161 7 1204 l
52 1153 247 1196 raeoonis
278 1154 429 1196 nuntio
461 1157 592 1210 atque
625 1153 740 1196 cedit
771 1153 1026 1208 significatio
1065 1153 1182 1195 clara
1213 1158 1344 1209 atque
1372 1153 1597 1210 perlucida

0 1207 35 1253 'h‘
69 1214 389 1269 terpretationi,
438 1227 490 1256 ex
527 1227 615 1269 qua
659 1213 868 1256 vocabulo
907 1213 982 1255 illo
1019 1212 1127 1258 nihil
1173 1214 1370 1268 signatur
1406 1214 1489 1255 nisi
1525 1213 1595 1255 »id

2 1271 141 1329 §quod
187 1276 451 1329 paraverunt
499 1276 544 1316 et
587 1277 723 1328 agunt
756 1273 914 1330 >hostes
960 1276 1110 1315 contra
1154 1272 1348 1316 urbem«.
1427 1273 1594 1316 Deinde

2 1332 189 1372 ’τοιαῦτα
244 1347 482 1388 pronomen
546 1336 695 1375 nostra
746 1347 800 1375 ex
858 1333 1215 1388 interpretatione
1268 1333 1490 1388 aptissime
1542 1334 1595 1375 iis

0 1387 3 1433 ζ
23 1390 269 1434 adnectitur
289 1406 401 1448 quae
421 1393 616 1448 proxime
637 1392 913 1435 antecedunt.
978 1392 1064 1434 Sed
1086 1393 1312 1447 quaeritur
1332 1393 1384 1435 de
1407 1393 1595 1447 genitivo

0 1501 2 1503 ,
26 1447 212 1500 ἐκείνων,
251 1466 381 1508 quem
413 1452 474 1494 sic
511 1452 652 1494 solent
684 1451 798 1494 docti
828 1452 1106 1508 interpretari
1136 1455 1186 1494 ut
1217 1452 1416 1494 (1103111111
1446 1467 1595 1495 omnes

0 1551 1 1554 ,
23 1509 279 1565 Argivorum
310 1511 452 1554 duces.
515 1511 608 1554 Hac
639 1511 924 1567 explicatione
956 1512 1161 1567 deceptus
1183 1510 1380 1567 Engerus
1407 1510 1472 1570 (in
1493 1526 1593 1556 ann.

21 1567 228 1613 Fleckeis.
255 1571 383 1614 1857.
401 1586 444 1627 p.
462 1569 539 1628 55)
575 1585 703 1614 versu
725 1570 1008 1626 subsequenti
1028 1585 1175 1626 regem
1196 1572 1350 1614 statuit
1371 1572 1595 1615 admoneri

21 1632 72 1672 111
92 1629 362 1672 adversarios
384 1631 564 1686 eligeret
582 1630 770 1673 hostium
792 1630 986 1673 ducibus.
1040 1630 1160 1674 Haec
1181 1631 1325 1688 opinio
1347 1632 1438 1675 sine
1462 1631 1593 1675 dubio

22 1692 92 1731 est
122 1689 374 1746 rejicienda:
423 1704 523 1732 nam
554 1694 698 1733 mente
736 1693 888 1746 captus
926 1689 1145 1734 videbitur
1181 1692 1377 1743 nuntius,
1427 1692 1464 1734 si
1496 1706 1594 1734 eum

21 1751 254 1805 postquam
286 1763 360 1792 sex
392 1749 522 1793 duces
550 1751 640 1806 jam
670 1750 715 1792 in
746 1749 893 1793 hostes
920 1751 1072 1792 missos
1105 1764 1200 1793 esse
1233 1751 1457 1804 audiverit,
1492 1756 1595 1794 tunc

22 1806 198 1851 demum
236 1823 382 1864 regem
428 1809 536 1852 illud
582 1809 722 1853 facere
765 1810 918 1866 jubere
966 1813 1226 1853 statuemus:
1278 1812 1469 1867 pertinet
1500 1812 1592 1855 sine

22 1866 153 1910 dubio
198 1882 348 1911 versus
394 1869 451 1911 ad
496 1870 637 1925 ipsum
669 1868 931 1924 Polynicem.
1009 1869 1093 1912 Sed
1132 1871 1335 1924 quoniam
1382 1874 1426 1913 et
1463 1885 1592 1926 aegre

22 1926 317 1971 desideramus
347 1928 476 1985 hujus
507 1929 588 1972 viri
620 1929 975 1984 significationem
998 1932 1042 1972 et
1073 1929 1331 1973 offendimur
1352 1934 1592 1974 ceterorum

22 1985 178 2029 ducum
224 1989 627 2031 commemoratione
660 1992 705 2032 et
736 1993 1036 2045 exspectamus
1082 1993 1131 2031 ut
1167 1990 1212 2031 in
1250 1991 1404 2033 ceteris
1452 1992 1593 2033 nuntii

21 2046 342 2090 narrationibus
388 2048 629 2091 clausulam
675 2047 731 2091 ad
777 2050 917 2091 virum
963 2052 1094 2091 antea
1150 2049 1414 2105 descriptum
1460 2054 1591 2105 atque

20 2104 216 2149 Thebani
247 2107 469 2163 cujusdam
508 2108 822 2164 oppositionem
852 2109 1142 2165 pertinentem
1171 2110 1437 2164 eandemque
1468 2111 1591 2153 bina-

20 2165 141 2218 riam,
181 2166 273 2209 1000
306 2164 468 2207 ἐκείνων
499 2168 676 2222 genitivi
714 2167 990 2211 scribendum
1030 2182 1182 2211 censeo
1219 2166 1386 2224 »ἐκείνῳ
1419 2183 1488 2222 γε(
1524 2171 1594 2213 vel

24 2223 202 2266 »ἐκείνου
223 2239 312 2279 γει.
355 2226 597 2270 conferatis
620 2241 780 2283 quaeso
803 2227 918 2282 quod
934 2227 1194 2271 Ritschelius
1226 2244 1291 2272 vv.
1325 2230 1411 2272 632
1430 2233 1474 2272 et
1505 2231 1590 2273 633

21 2286 296 2341 transpositis
327 2285 415 2329 tale
448 2286 552 2341 quid
584 2287 786 2330 excidisse
818 2288 991 2331 statuit:

371 2343 499 2395 οὕτως
530 2345 552 2386 ὁ
586 2346 703 2388 τοῦδε
734 2346 882 2403 κόμπος
908 2346 952 2396 ἐς
980 2346 1026 2389 σὲ
1051 2346 1246 2403 μαίνεται.

21 2402 224 2447 Ceterum
255 2405 407 2448 iisdem
439 2410 570 2461 atque
600 2421 679 2461 ego
711 2407 850 2449 causis
871 2407 1141 2449 Lowinskius
1173 2405 1237 2464 (in
1260 2420 1358 2450 ann.
1382 2408 1589 2452 Fleckeis.

23 2463 151 2507 1860.
184 2479 226 2520 p.
260 2462 367 2521 699)
409 2478 503 2508 03111
549 2466 594 2507 111
632 2466 878 2522 opinionem
910 2470 976 2509 est
1007 2467 1160 2509 ductus
1192 2470 1242 2509 ut
1273 2473 1470 2511 censeret
1501 2483 1591 2511 ser-

0 2535 190 2571 imonem
229 2537 324 2566 esse
361 2524 405 2566 in
437 2540 475 2566 v.
510 2526 595 2568 632
634 2525 688 2568 de
720 2525 936 2581 Polynicis
981 2525 1131 2581 clypeo
1169 2527 1350 2581 ideoque
1383 2542 1481 2570 eum
1514 2543 1591 2570 suo

20 2581 113 2624 1000
161 2583 455 2634 101111011(111111;
502 2584 579 2628 sed
627 2585 741 2639 quod
789 2586 902 2628 idem
941 2586 1124 2641 conjecit
1166 2583 1378 2627 »ἐκείνωνα
1422 2587 1506 2630 (1101
1537 2589 1590 2630 de

20 2640 256 2698 γριὴψατα,
304 2656 415 2697 quae
458 2644 501 2685 in
544 2659 583 2687 v.
627 2645 713 2688 630
758 2648 802 2687 01
841 2645 937 2701 ipsa
982 2644 1125 2688 verbis
1173 2646 1237 2687 uti
1284 2648 1588 2701 cogitarentur,

0 2700 223 2756 ,equidem
276 2702 460 2758 probare
511 2717 597 2745 non
648 2717 844 2759 possum:
899 2718 998 2747 nam
1050 2706 1151 2759 quid
1215 2703 1291 2745 »τὰ
1343 2705 1584 2762 γράμματαοι

18 2762 241 2817 potuerint
293 2763 536 2817 excogitare
584 2766 714 2817 atque
766 2764 958 2807 invenire
1006 2778 1130 2807 nemo
1182 2765 1409 2820 intelliget.
1492 2766 1589 2809 Jam

19 2821 313 2864 examinemus
332 2821 516 2864 alteram
533 2821 723 2865 Richteri
745 2837 931 2867 eausam.
972 2823 1064 2866 Hoc
1080 2824 1267 2867 concedo
1283 2824 1590 2869 vocabulorum

22 2877 99 2920 »σὺ
129 2878 306 2925 &adrac-
326 2878 404 2938 ἤδη
436 2879 588 2934 γνῶὸκ
632 2883 903 2926 iterationem
950 2883 1195 2939 displicere:
1245 2885 1321 2927 sed
1367 2887 1591 2939 quaeritur

18 2939 106 2982 utri
138 2939 230 2983 loco
261 2939 470 2983 vocabula
506 2942 642 2996 magis
681 2943 769 2985 sint
799 2943 1087 2985 accomodata.
1159 2942 1348 2986 Primum
1380 2945 1423 2986 in
1457 2947 1588 3001 priori

19 2997 112 3041 loco
152 2997 275 3044 αὐτός
308 3014 542 3055 pronomen
589 3016 684 3045 cum
731 3002 908 3045 consilio
953 3003 1143 3059 positum
1191 3004 1378 3046 videtur:
1428 3006 1589 3047 etenim
