1858 3320
706 243 1002 285 —51—

16 414 19 417 ,
72 390 279 433 umquam
317 376 477 431 poterit
513 374 705 425 infitiari,
752 377 844 415 tam
876 375 994 414 arcte
1026 374 1075 414 ut
1105 385 1183 426 pro
1213 369 1330 412 illius
1361 369 1644 412 fundamento

19 487 23 491 .
72 437 130 478 sit
174 435 434 478 habendum.
497 433 696 490 Namque
740 432 929 488 primum
967 432 1087 486 virgo
1124 431 1170 472 111
1202 444 1378 472 scenam
1409 429 1645 472 adveniens

28 502 31 506 '
72 496 268 538 versibus
314 494 400 536 illis
439 493 733 549 anapaesticis
771 496 898 534 utens
938 491 1111 548 quaerit
1141 503 1378 546 quamnam
1407 489 1454 531 in
1482 493 1647 531 terram

74 559 333 610 gentemque
378 553 565 602 venerit;
611 551 768 595 deinde
807 550 1063 594 Prometheo
1109 551 1267 592 misero
1314 548 1521 604 adspecto
1553 548 1647 603 ejus

23 647 28 651 .
73 628 231 657 nomen
276 615 519 668 interrogat
565 625 829 667 causamque
876 624 1128 667 poenarum.
1199 607 1306 652 Post
1341 608 1455 651 hanc
1499 612 1644 650 tamen

19 680 27 687 ’·
74 674 459 728 interrogationem
489 672 604 715 redit
635 671 693 714 ad
724 685 778 714 ea
809 684 923 727 quae
956 675 1088 713 antea
1125 668 1360 726 quaesivit:
1406 669 1649 722 interrogat

20 781 22 783 ,
75 733 191 778 enim
238 733 380 776 denuo
428 746 664 789 quamnam
708 732 754 773 in
790 734 955 773 terram
987 731 1045 773 sit
1080 733 1256 784 vagata.
1317 727 1469 784 Neque
1500 731 1649 770 tamen

25 829 28 835 ς
74 792 155 835 has
189 792 246 835 ad
275 793 639 847 interrogationes
672 792 895 847 exspectat
915 788 1239 845 respondenda:
1278 801 1469 844 namque
1490 801 1650 830 novum

74 852 228 895 incidit
272 853 318 894 in
363 851 553 894 furorem
593 855 724 907 atque
756 851 961 906 opinatur
990 849 1154 904 Argum
1184 847 1407 891 custodem
1438 860 1566 889 suum
1597 860 1650 889 ex

25 911 28 938 ῗ
79 910 190 954 Orco
222 911 404 954 rediisse
438 912 492 954 ab
525 925 662 966 eoque
695 924 789 952 sese
823 910 982 964 agitari
1013 912 1190 964 praeter
1219 907 1352 950 maris
1384 917 1483 950 oras
1522 920 1649 949 cursu

23 970 30 1023 j
77 975 301 1027 perpetuo.
363 969 564 1013 Ceterum
609 983 696 1012 non
743 969 835 1011 sine
881 973 1038 1024 poetae
1078 968 1260 1010 artificio
1292 980 1382 1010 una
1411 980 1510 1008 cum
1540 980 1651 1008 novo

26 1070 29 1087 3
77 1030 221 1073 furore
266 1031 477 1086 incipiunt
522 1030 623 1072 novi
653 1029 842 1071 numeri:
874 1041 1064 1083 namque
1095 1027 1287 1070 furorem
1316 1027 1426 1069 bene
1458 1025 1653 1069 referunt

15 1110 19 1116 ,
77 1104 228 1134 versus
259 1090 432 1135 iambici
466 1093 596 1145 atque
630 1087 883 1131 dochmiaci.
944 1086 1114 1130 Deinde
1145 1091 1195 1129 ut
1232 1086 1563 1142 progrediamur
1595 1084 1653 1127 ad

19 1170 25 1189 -.
82 1163 284 1193 numeros
317 1149 663 1205 antistrophieos,
695 1148 816 1203 virgo
847 1148 944 1204 ipsa
975 1148 1178 1203 opinatur
1210 1160 1304 1189 sese
1327 1145 1479 1188 audire
1501 1144 1653 1188 modos

22 1247 23 1251 ,
77 1210 210 1253 tibiae
248 1210 404 1266 quibus
450 1209 688 1251 Mercurius
734 1208 899 1262 Argum
935 1206 1251 1250 custodientem
1288 1205 1497 1261 sopivisse
1545 1204 1650 1247 dici-

28 1268 32 1269 ’
77 1273 162 1312 tur.
224 1268 304 1312 Est
335 1270 449 1312 enim
479 1269 686 1324 deceptus
717 1267 883 1323 Freyus
915 1281 1012 1310 cum
1042 1267 1087 1308 in
1121 1266 1402 1308 adnotatione
1433 1280 1476 1320 p.
1500 1265 1527 1307 9
1551 1265 1652 1306 sub-

20 1347 31 1374 ‘1
78 1329 244 1384 scripta
274 1332 488 1372 statueret
517 1344 584 1372 vv.
609 1328 843 1371 570—571
877 1341 964 1369 non
997 1340 1090 1369 esse
1125 1325 1297 1368 additos
1328 1325 1412 1367 nisi
1443 1328 1493 1367 ut
1519 1324 1654 1367 totius

14 1394 34 1419 T*
81 1388 136 1431 de
182 1388 291 1432 Jone
337 1388 475 1445 mythi
505 1388 714 1431 memoria
745 1390 1047 1430 renovaretur:
1088 1386 1230 1441 ipsam
1260 1385 1473 1440 virginem
1503 1383 1655 1427 modos

27 1464 29 1466 ·
82 1447 331 1491 audientem
363 1453 440 1491 aut
471 1447 628 1491 debere
659 1446 863 1501 mitigari,
904 1445 1021 1502 quod
1052 1445 1231 1501 quidem
1261 1445 1355 1501 ipso
1386 1445 1432 1486 in
1464 1444 1654 1486 carmine

22 1528 28 1544 s
53 1519 57 1524 ·
80 1522 164 1550 non
204 1508 340 1559 fieret,
390 1511 467 1550 aut
504 1507 711 1564 quoniam
747 1521 818 1549 res
849 1518 938 1548 una
969 1519 1067 1548 011111
1097 1506 1226 1548 rebus
1257 1504 1457 1548 terrificis
1490 1503 1655 1546 dicere-

80 1571 164 1618 tur,
197 1567 365 1618 terreri,
401 1567 519 1623 quod
550 1566 726 1623 quidem
756 1566 840 1622 ipsi
861 1565 1009 1622 mytho
1030 1569 1309 1620 repugnaret.
1363 1563 1420 1606 At
1440 1563 1488 1606 Io
1510 1563 1657 1606 omnia

20 1649 29 1681 g
82 1640 196 1681 quae
227 1627 310 1669 sibi
343 1626 581 1669 acciderint
612 1626 827 1680 significat
858 1627 919 1668 sic
950 1630 999 1668 ut
1026 1624 1172 1668 furore
1210 1628 1341 1679 capta
1384 1623 1656 1677 singularum

11 1707 15 1725 a
81 1700 227 1729 rerum
258 1686 345 1728 vim
377 1686 662 1741 effectumque
694 1700 781 1728 11011
815 1685 1001 1741 amplius
1032 1688 1335 1740 persequatur,
1370 1683 1448 1726 sed
1480 1684 1536 1726 ab
1568 1682 1658 1726 alia

26 1752 32 1757 ‘
83 1760 130 1789 re
161 1744 422 1789 festinanter
454 1747 628 1789 aberret
661 1745 717 1787 ad
750 1745 896 1789 aliam.
961 1744 1030 1788 Sic
1067 1748 1166 1799 post
1195 1743 1293 1787 illos
1323 1757 1474 1786 versus
1507 1742 1656 1798 deplo-

19 1807 33 1853 'J
82 1819 182 1848 rare
227 1806 371 1862 pergit
417 1820 520 1849 suas
566 1806 763 1848 miserias
797 1809 928 1861 atque
976 1808 1209 1860 postquam
1254 1803 1339 1859 ipsi
1369 1802 1467 1846 Jovi
1501 1803 1659 1858 objecit

32 1881 34 1883 ’
84 1864 296 1921 quidnam
341 1866 558 1908 erroribus
604 1869 837 1908 vexaretur
880 1865 935 1906 ab
983 1863 1222 1919 eodemque
1277 1867 1344 1906 est
1390 1866 1571 1918 precata
1610 1866 1658 1904 ut

18 1967 20 1969 ,
83 1929 222 1968 morte
253 1939 348 1968 sese
379 1925 587 1968 liberaret
619 1939 645 1967 a
677 1924 911 1975 doloribus,
944 1923 1026 1966 hoc
1056 1924 1298 1977 interrogat
1330 1921 1655 1965 Prometheum:

9 1990 20 2017 ’ἴ-
86 1982 216 2029 κλύεις
235 1982 402 2040 φθέγμα
425 1987 497 2029 τᾶς
512 1982 702 2039 βούκερω
725 1981 935 2040 παρθένου
941 2000 956 2033 ,-
976 1982 1046 2026 1110
1069 1986 1215 2025 autem
1238 1986 1281 2025 et
1302 1996 1459 2025 nomen
1480 1982 1658 2036 virginis

85 2048 129 2087 et
160 2058 352 2087 errorum
383 2059 562 2087 causam
593 2044 743 2094 edicit3
777 2047 909 2099 atque
940 2044 1124 2086 miratur
1157 2056 1211 2084 ea
1241 2042 1357 2084 unde
1388 2041 1499 2084 talia
1531 2041 1657 2083 audi-

10 2103 20 2158 }ss
83 2105 195 2147 verit
239 2105 433 2160 petitque
481 2105 536 2147 ab
583 2118 634 2147 eo
679 2107 728 2146 ut
773 2117 899 2146 suum
937 2103 1055 2145 dicat
1093 2116 1250 2145 nomen
1289 2106 1332 2144 et
1370 2102 1452 2144 sibi
1486 2101 1658 2157 aperiat

10 2172 28 2200 '³-
86 2163 214 2206 finem
252 2177 445 2206 errorum
486 2163 783 2218 dolorumque.
846 2162 913 2205 Ad
948 2163 1137 2218 priorem
1175 2161 1559 2215 interrogationem
1590 2175 1658 2203 re-

10 2235 15 2285 ,ζ
86 2222 271 2279 spondet
300 2223 582 2266 Prometheus
614 2223 660 2265 in
690 2238 755 2265 vv.
779 2223 1036 2272 609—6113
1069 2221 1184 2278 quod
1218 2225 1365 2264 autem
1394 2221 1452 2263 ad
1475 2220 1659 2279 alteram

9 2302 24 2346 3
87 2284 255 2334 attinet,
289 2284 423 2338 virgo,
458 2283 574 2340 quod
603 2283 640 2324 is
672 2297 801 2338 quem
833 2281 889 2324 ad
920 2282 965 2324 id
996 2282 1203 2338 temporis
1234 2294 1471 2337 numquam
1502 2281 1661 2324 viderit

88 2356 263 2386 suorum
294 2342 493 2386 laborum
527 2356 807 2398 errorumque
838 2342 1009 2384 initium
1031 2341 1354 2384 accuratissime
1375 2340 1539 2383 habeat
1559 2354 1659 2395 cog-

10 2421 34 2463 ς,
87 2403 239 2455 111111111,
273 2416 370 2445 eam
401 2402 630 2445 deducitur
659 2402 706 2444 in
728 2415 847 2458 spem
869 2406 918 2444 ut
941 2402 995 2444 ab
1019 2401 1171 2444 eodem
1193 2415 1288 2443 sese
1311 2401 1445 2443 etiam
1466 2414 1659 2443 errorum

89 2463 252 2505 exitum
299 2461 548 2505 audituram
596 2476 691 2505 esse
738 2461 929 2504 confidat
975 2458 1080 2518 (vid.
1110 2477 1152 2517 p.
1181 2459 1277 2518 40):
1325 2460 1408 2502 hac
1446 2460 1538 2503 sine
1585 2474 1660 2515 spe

9 2535 29 2584 ³1-
89 2522 407 2578 subsequentia
430 2521 675 2564 Promethei
706 2521 912 2564 vaticinia
943 2535 1113 2563 omnem
1143 2521 1229 2563 vim
1262 2520 1479 2562 amittunt.

26 2634 30 2636 ἡ
209 2581 375 2624 Deinde
397 2586 446 2624 ut
465 2596 608 2637 pauca
629 2581 908 2635 subjiciamus
930 2580 983 2623 de
1012 2581 1202 2623 numeris
1225 2580 1498 2631 dochmiaciS,
1532 2593 1661 2635 prae-

15 2641 23 2687 f
90 2641 195 2684 bent
213 2642 245 2683 ii
261 2641 468 2684 nonnulla
486 2655 598 2695 quae
614 2640 846 2684 videantur
862 2654 956 2683 esse
974 2640 1228 2697 Aeschylea.
1261 2639 1459 2694 Namque
1475 2640 1663 2695 primum

20 2719 31 2750 γ
91 2706 268 2743 servant
310 2702 633 2757 responsionem
681 2701 1070 2752 accuratissimam,
1126 2713 1214 2754 qua
1262 2700 1421 2741 virtute
1469 2700 1664 2741 carmina

19 2762 33 2829 ’ζ
92 2760 331 2817 Aeschylea
364 2774 390 2802 a
417 2760 723 2816 posterioribus
755 2760 919 2803 distare
953 2774 1021 2802 res
1054 2759 1295 2802 certissima
1327 2763 1393 2801 est
1424 2758 1663 2813 eademque

17 2819 29 2854 ’ἰ
92 2820 331 2863 notissima.
401 2819 605 2876 Syllabae
643 2820 757 2862 enim
797 2821 1006 2876 ancipites
1044 2834 1130 2861 non
1169 2819 1447 2861 inveniuntur
1476 2819 1560 2860 nisi
1592 2819 1665 2860 ubi

16 2874 37 2934 ’.ξ
92 2879 187 2935 ipso
227 2884 481 2934 argumento
522 2879 825 2923 defenduntur.
910 2879 1081 2922 Etenim
1118 2880 1161 2920 111
1194 2879 1312 2921 exitu
1344 2893 1409 2921 vv.
1443 2879 1543 2929 585,
1579 2878 1663 2920 605

93 2939 207 2982 111101·
238 2954 284 2982 80
316 2938 577 2995 respondere
610 2943 791 2995 possunt
822 2936 959 2984 ἀλύξω
991 2943 1034 2980 et
1066 2935 1198 2985 οἶς-θα,
1245 2937 1361 2993 quod
1408 2938 1666 2991 gravissima

93 2999 438 3054 interpunctione
471 2998 798 3053 distinguuntur
836 3014 863 3040 a
895 2999 1112 3054 proximis,
1191 2997 1341 3052 Neque
1389 2998 1530 3039 minus
1570 3001 1667 3052 post

1333 3080 1378 3113 4*
