1858 3320
201 1438 479 1519 Dissertatio
516 1489 648 1531 quam
685 1489 780 1518 sum
817 1475 1054 1532 scripturus
1095 1475 1148 1518 de
1181 1475 1384 1532 Aeschyli
1420 1475 1658 1531 tragoediis

86 1539 275 1592 quatuor
304 1538 451 1591 partes
482 1534 630 1577 habet:
680 1534 838 1591 quibus
870 1549 923 1578 ex
955 1534 1153 1590 partibus
1192 1534 1304 1578 duae
1342 1536 1565 1592 pertinent
1600 1535 1657 1579 ad

87 1595 263 1652 Septem
293 1595 338 1637 in
357 1594 523 1637 Thebas
554 1593 758 1646 fabulam,
792 1594 904 1637 duae
926 1594 982 1636 ad
1005 1594 1310 1637 Prometheum
1331 1596 1536 1638 vinctum.
1587 1594 1658 1639 Sic

86 1659 231 1698 autem
263 1669 353 1697 rem
383 1654 606 1696 instituam
638 1658 687 1696 ut
718 1655 762 1696 in
792 1655 932 1710 prima
964 1658 1008 1696 et
1038 1655 1171 1697 tertia
1199 1655 1396 1710 partibus
1431 1654 1572 1698 dicam
1602 1655 1656 1698 de

85 1714 489 1771 interpolationibus
520 1714 680 1770 injuste
712 1713 767 1756 ab
799 1713 1110 1770 interpretibus
1139 1715 1336 1756 statutis:
1370 1728 1558 1771 namque
1581 1714 1658 1758 illa

86 1774 130 1816 in
162 1772 386 1829 tragoedia
417 1773 524 1816 duas
557 1773 749 1816 diversas
780 1773 976 1816 fictiones
1008 1777 1139 1830 atque
1171 1773 1354 1816 invicem
1387 1788 1482 1818 sese
1512 1774 1657 1817 exclu-

86 1833 240 1876 dentes
272 1833 433 1876 servari
464 1833 710 1888 nuperrime
742 1833 807 1875 vir
844 1833 1022 1889 quidam
1054 1833 1206 1876 doctus
1240 1833 1474 1889 judicavit,
1516 1834 1577 1876 sic
1607 1838 1658 1876 ut

85 1892 140 1935 ab
163 1908 247 1936 uuo
268 1892 506 1948 eodemque
526 1895 656 1948 poeta
676 1907 762 1934 non
782 1897 961 1948 possent
983 1907 1076 1936 esse
1093 1892 1332 1949 profectae;
1354 1908 1494 1949 neque
1517 1894 1657 1936 minus

85 1951 224 1996 altera
260 1953 304 1995 in
336 1951 560 2020 tragoedia
595 1953 811 2008 interpres
844 1951 1022 2008 quidam
1060 1967 1199 2009 nuper
1231 1952 1423 1995 diversas
1461 1953 1658 1996 fictiones

85 2013 300 2055 invenisse
333 2011 416 2054 sibi
446 2013 563 2054 visus
595 2015 673 2064 est,
707 2015 838 2068 atque
870 2025 1134 2068 quamquam
1165 2012 1257 2068 ipse
1280 2027 1349 2055 res
1372 2012 1566 2061 diversas
1589 2012 1655 2056 di-

85 2073 220 2115 versis
259 2072 523 2128 temporibus
561 2070 616 2114 ab
653 2072 748 2128 ipso
779 2071 990 2128 Aeschylo
1027 2072 1296 2127 excogitatas
1335 2087 1429 2115 esse
1474 2073 1655 2124 censuit,

84 2131 208 2174 facile
230 2135 376 2174 tamen
398 2132 434 2173 si
455 2132 551 2187 quis
573 2130 780 2174 concedet
808 2131 1029 2173 fictionum
1058 2131 1372 2185 diversitatem,
1408 2132 1658 2188 opinabitur

86 2205 181 2233 eam
213 2190 362 2234 deberi
394 2190 574 2233 diversis
612 2191 773 2247 poetis;
820 2190 1021 2246 adjiciam
1058 2194 1206 2233 autem
1242 2205 1382 2247 pauca
1419 2191 1506 2234 alia
1544 2206 1655 2248 quae

86 2251 281 2306 quamvis
303 2250 564 2293 abhorreant
586 2264 612 2292 a
633 2249 872 2292 rationibus
904 2250 999 2293 aliis
1031 2251 1075 2292 in
1106 2250 1266 2293 fabulis
1298 2255 1454 2307 poetae
1477 2252 1651 2304 sanctis,

85 2309 165 2352 hoc
195 2314 340 2353 tamen
372 2311 466 2366 ipso
498 2309 602 2352 mihi
633 2309 811 2366 quidem
840 2325 924 2352 non
958 2309 1138 2364 indigna
1166 2310 1380 2354 videntur.
1434 2310 1485 2353 In
1517 2311 1657 2355 altera

91 2373 135 2412 et
173 2373 330 2425 quarta
372 2370 568 2425 partibus
607 2369 746 2412 dicam
784 2369 837 2411 iis
876 2368 930 2412 de
967 2369 1375 2426 interpolationibus
1423 2385 1532 2427 quas
1571 2371 1657 2414 duo

90 2433 263 2472 nostrae
295 2428 547 2485 disciplinae
579 2429 793 2485 principes
825 2443 902 2471 suo
929 2428 1027 2484 jure
1061 2429 1265 2472 statuisse
1294 2429 1508 2473 videntur.
1562 2430 1654 2473 Has

90 2489 133 2530 in
155 2489 431 2544 quaestiones
451 2490 608 2531 iterum
630 2489 846 2545 inquirere
864 2489 1104 2531 accuratius
1121 2488 1247 2544 juvat
1267 2487 1655 2542 vehementissime,

90 2547 207 2603 quod
243 2548 456 2602 Bergkius
496 2547 766 2602 conjecturae
806 2561 937 2604 quam
974 2547 1211 2604 publicavit
1243 2547 1296 2591 de
1331 2547 1449 2605 Sept.
1482 2548 1656 2592 fabulae

91 2608 207 2650 exitu
245 2606 300 2649 ab
334 2606 543 2663 Aeschylo
581 2607 868 2663 abjudicando
906 2621 1082 2664 prorsus
1122 2606 1263 2650 nullas
1294 2608 1445 2650 attulit
1483 2622 1657 2661 causas;

90 2666 144 2709 de
177 2666 316 2709 Prom.
349 2671 495 2710 autem
526 2665 696 2710 fabulae
729 2667 904 2709 canticis
936 2666 1242 2723 Westphalffls,
1277 2668 1352 2724 qui
1382 2668 1548 2724 primus
1579 2683 1654 2712 ne-

90 2727 208 2779 gavit
234 2740 285 2769 ea
318 2740 412 2769 esse
442 2725 690 2782 Aeschylea,
725 2725 974 2769 brevissime
1007 2741 1103 2769 cum
1135 2730 1285 2781 ageret
1316 2726 1370 2770 de
1393 2726 1657 2771 Graecorum

90 2789 184 2828 arte
216 2786 407 2838 metrica,
438 2800 510 2829 eas
542 2789 713 2828 tantum
745 2785 1001 2840 significavit
1022 2799 1174 2828 causas
1206 2799 1318 2843 quae
1349 2787 1570 2843 pertinent
1600 2787 1658 2831 ad

91 2859 159 2888 res
192 2846 409 2888 metricas:
459 2845 512 2888 de
545 2846 781 2887 carminum
818 2849 1072 2899 argumento
1111 2845 1215 2888 nihil
1254 2845 1438 2890 addidit.
1500 2846 1599 2890 Jam
1630 2862 1657 2890 a

91 2902 354 2960 praefatione
387 2920 516 2961 quam
549 2904 763 2960 praemisi,
799 2909 846 2947 ut
869 2906 1112 2948 universam
1141 2919 1285 2948 rerum
1307 2905 1655 2949 distributionem

89 2964 388 3019 significarem,
426 2965 481 3007 ad
513 2965 650 3021 ipsam
683 2963 1032 3007 dissertationem
1066 2969 1350 3008 transeamus,
