1858 3320
869 238 1132 280 ,4-

778 401 1003 476 Prima
1051 420 1224 493 pars.

332 546 569 602 Postquam
586 547 654 589 Fr.
673 546 932 589 Ritschelius
949 547 1135 602 primum
1151 547 1468 589 accuratissime
1486 547 1576 601 egit
1593 546 1646 590 de
1663 546 1782 603 Sept.

211 605 384 649 fabulae
401 607 466 649 bis
485 610 652 662 septem
670 607 948 657 orationibus,
972 606 1129 662 quibus
1145 606 1400 660 Argivorum
1424 610 1468 649 et
1485 605 1784 649 Thebanorum

211 666 343 708 duces
374 666 688 717 describuntur,
718 665 1016 721 judicavitque
1049 680 1121 708 eas
1154 666 1217 707 ita
1246 666 1362 708 inter
1393 680 1487 709 sese
1520 665 1782 722 respondere

210 729 260 767 ut
291 726 405 780 regis
438 726 653 767 orationes
693 728 894 767 tenerent
933 725 1119 768 eundem
1150 739 1353 768 versuum
1389 739 1617 768 numerum
1648 729 1781 782 atque

210 786 369 837 nuntii,
419 785 543 827 multi
580 785 661 827 viri
700 784 816 827 docti
861 785 1044 827 eandem
1082 785 1380 841 quaestionem
1419 788 1782 835 retractaverunt3

210 844 287 886 sed
319 859 467 887 omnes
500 844 608 896 fere,
649 858 913 901 quamquam
945 844 1128 887 eandem
1159 849 1291 900 atque
1327 843 1399 887 ille
1437 845 1650 888 rationem
1681 849 1783 888 sunt

210 905 357 955 secuti,
392 904 488 946 aliis
520 907 666 946 tamen
698 903 898 947 remediis
930 908 1086 960 poetae
1108 903 1242 947 verba
1272 904 1467 946 sananda
1496 907 1779 960 putaverunt:

210 967 286 1005 aut
318 963 423 1005 alias
461 963 817 1019 interpolationes
855 968 931 1006 aut
969 963 1076 1006 alias
1114 963 1291 1006 lacunas
1323 967 1584 1006 statuerunt.
1638 963 1703 1006 Ex
1728 964 1781 1006 iis

209 1026 355 1065 autem
376 1023 556 1066 Weilius
590 1037 639 1065 eo
673 1027 739 1066 est
770 1037 1025 1079 progressus
1056 1027 1107 1066 ut
1137 1038 1223 1066 non
1254 1024 1371 1079 ipsas
1402 1023 1530 1066 modo
1562 1024 1780 1067 orationes

209 1082 287 1124 sed
319 1083 451 1125 etiam
482 1083 727 1125 orationum
756 1084 881 1139 paria
911 1098 1112 1126 versuum
1142 1097 1320 1126 numero
1352 1083 1467 1126 inter
1488 1097 1534 1126 se
1558 1084 1780 1126 concinere

202 1142 439 1197 judicaret:
474 1142 554 1184 hac
575 1143 742 1185 ratione
766 1142 977 1185 deductus
1005 1142 1140 1185 multo
1162 1142 1309 1198 plures
1341 1156 1472 1198 qua-m
1503 1141 1577 1185 alii
1603 1142 1780 1185 lacunas

208 1215 302 1244 esse
335 1203 379 1244 in
411 1203 676 1245 orationibus
709 1203 951 1258 suspicatus
985 1206 1064 1245 est.
1129 1201 1215 1245 Sed
1246 1203 1413 1244 monuit
1451 1202 1517 1244 W.
1550 1202 1779 1245 Richterus

206 1261 251 1303 in
274 1261 604 1314 dissertationis,
639 1275 770 1318 quam
792 1262 929 1304 edidit
944 1261 1134 1304 Berolini
1155 1276 1194 1304 a.
1220 1262 1347 1313 1878,
1380 1264 1505 1318 parte
1526 1262 1662 1318 priori
1683 1275 1778 1305 esse

206 1321 485 1376 rejiciendam
524 1321 784 1364 emendandi
825 1322 1037 1364 rationem
1074 1336 1185 1377 quae
1222 1322 1438 1364 niteretur
1470 1320 1566 1376 lege
1599 1335 1778 1378 respon-

206 1381 351 1433 sionis,
377 1395 558 1437 eamque
585 1382 638 1423 ob
662 1395 836 1423 causam
857 1395 969 1437 quae
991 1382 1123 1424 ceteri
1146 1381 1383 1436 depravata
1405 1395 1499 1424 esse
1521 1384 1779 1424 censuerant

204 1455 356 1483 revera
387 1441 522 1496 ipsius
554 1445 708 1496 poetae
741 1455 836 1484 esse
859 1441 1066 1483 defendit.
1118 1440 1211 1482 Hac
1231 1441 1277 1482 in
1297 1444 1422 1496 parte
1443 1442 1582 1483 virum
1604 1440 1778 1484 doctum

203 1500 423 1543 interdum
454 1514 557 1544 vera
587 1500 746 1543 vidisse
786 1501 973 1544 libenter
1004 1500 1231 1543 confiteor:
1281 1499 1357 1543 sed
1399 1499 1516 1556 quod
1555 1500 1599 1542 in
1639 1500 1778 1543 altera

203 1564 328 1615 parte
366 1564 546 1616 propter
583 1559 690 1602 alias
729 1574 880 1603 causas
921 1574 1093 1603 scenam
1130 1559 1248 1602 illam
1285 1563 1386 1615 post
1416 1559 1676 1616 Aeschylum
1706 1574 1776 1602 re-

203 1623 435 1662 tractatam
467 1634 561 1662 esse
594 1621 749 1663 statuit
780 1619 982 1676 equidem
1012 1623 1062 1662 ut
1083 1619 1358 1676 comprobem
1377 1619 1483 1662 mihi
1512 1619 1776 1675 persuadere

202 1693 289 1722 non
352 1694 510 1722 ossum.

320 1695 382 1782 {It
427 1740 561 1794 igitur
608 1739 776 1782 eluceat
829 1754 914 1795 quo
957 1740 1004 1782 in
1044 1739 1357 1782 sententiarum
1416 1752 1611 1782 connexu
1646 1742 1776 1795 poeta

202 1799 447 1841 orationum
483 1800 606 1854 paria
635 1799 848 1855 posuerit,
888 1799 1036 1855 paucis
1069 1798 1370 1854 explicandum
1402 1802 1468 1841 est
1498 1799 1654 1854 prioris
1685 1803 1774 1842 tra-

202 1858 382 1912 goediae
412 1859 550 1914 partis
583 1863 898 1914 argumentum.
961 1858 1104 1914 Atque
1125 1859 1312 1914 primum
1333 1857 1530 1901 Eteocles
1557 1872 1634 1901 rex
1654 1862 1774 1915 post-

201 1932 332 1973 quam
365 1933 417 1961 ex
448 1918 610 1961 Tiresia
640 1922 739 1961 vate
771 1918 979 1974 comperit
1009 1917 1156 1960 hostes
1187 1921 1318 1959 noctu
1345 1919 1550 1961 statuisse
1581 1932 1708 1961 mane
1728 1919 1774 1960 in

199 1977 367 2020 Thebas
398 1977 540 2021 facere
571 1979 793 2034 impetum,
828 1975 948 2035 (nam
968 1993 1034 2020 vv.
1058 1978 1112 2020 27
1133 1975 1273 2034 sqq.*)
1306 1990 1459 2019 sanum
1481 1991 1657 2020 sensum
1686 1992 1773 2020 non

199 2038 411 2093 praebent
442 2038 526 2080 nisi
558 2053 610 2081 ex
642 2037 856 2080 Dindorfii
888 2037 1135 2093 conjectura
1167 2038 1227 2079 sic
1259 2036 1519 2080 scribentur:

486 2095 610 2146 οὗτος·
630 2096 794 2139 τοιῶνδε
826 2096 1024 2155 δεσπότης
1044 2096 1333 2153 μαντευμάτων

485 2155 589 2211 λέγει
612 2155 801 2215 μεγίστην
832 2155 1055 2213 προςβολὴν
1087 2153 1259 2214 Ἀχαιΐδα

486 2214 806 2274 νυκτηγορῆσθαι
835 2215 1134 2270 κάπιβούλευσιν
1165 2214 1294 2272 πόλει)

197 2274 345 2331 prodit
365 2275 410 2317 in
437 2289 620 2328 scenam,
654 2279 703 2318 ut
724 2276 780 2318 ad
802 2276 954 2318 urbem
976 2274 1294 2318 defendendam
1315 2275 1509 2331 impellat
1536 2275 1662 2327 cives,
1695 2276 1771 2331 qui

197 2339 345 2377 utrum
382 2335 467 2391 ipsi
504 2336 549 2378 in
587 2349 716 2378 scena
758 2334 977 2378 adfuerint
1016 2349 1072 2377 an
1114 2335 1260 2391 potius
1299 2338 1565 2390 spectatores
1601 2349 1679 2391 pro
1715 2335 1770 2377 iis

197 2393 349 2436 haberi
368 2399 500 2450 poeta
519 2395 706 2447 finxen't,
741 2395 984 2451 disceptare
1006 2409 1092 2437 non
1114 2393 1267 2437 audeo.
1305 2395 1420 2436 Dum
1441 2394 1550 2436 illud
1571 2408 1648 2437 rex
1663 2395 1767 2449 agit,

197 2453 312 2496 redit
356 2455 535 2497 nuntius
575 2458 705 2497 antea
750 2454 807 2497 ad
854 2453 1165 2510 speculandum
1213 2455 1395 2496 emissus
1441 2458 1572 2510 atque
1610 2455 1769 2496 certius

196 2514 369 2555 nuntiat
406 2514 523 2570 quod
559 2518 680 2558 vates
719 2514 986 2570 praedixerit
1023 2514 1118 2557 fieri
1157 2527 1324 2556 revera:
1372 2514 1583 2569 impetum
1613 2527 1768 2569 parare

195 2572 360 2624 hostes,
411 2577 578 2629 septem
617 2574 747 2616 duces
786 2574 901 2616 inter
940 2588 986 2616 se
1027 2573 1275 2629 conjurasse
1316 2587 1410 2616 sese
1459 2576 1536 2615 aut
1578 2572 1767 2615 hostium

195 2632 349 2674 urbem
387 2646 481 2675 esse
522 2637 723 2689 capturos
767 2637 843 2676 aut
888 2634 1105 2688 sanguine>
1142 2647 1219 2676 suo
1263 2632 1442 2675 humum
1478 2646 1765 2688 respersuros.

198 2690 400 2733 Ceterum
423 2706 468 2734 se
490 2692 716 2749 reliquisse
746 2692 809 2735 ait
831 2692 960 2736 duces
983 2694 1214 2735 soefientes
1238 2707 1369 2748 quam
1391 2693 1575 2748 quisque
1596 2695 1768 2748 portam

197 2751 255 2792 sit
285 2764 580 2805 aggressurus,
643 2751 878 2808 Postquam
909 2756 1056 2795 autem
1087 2766 1234 2807 regem
1265 2752 1487 2795 admonuit
1517 2755 1568 2793 ut
1587 2751 1767 2806 eligeret

196 2811 308 2853 viros
339 2810 595 2854 fortissimos
628 2815 759 2867 atque
791 2812 1047 2867 praeficeret
1077 2812 1213 2868 portis
1246 2810 1548 2863 defendendis,
1588 2811 1680 2853 abit
1711 2810 1765 2853 de

196 2883 325 2912 scena
355 2873 404 2912 ut
435 2872 678 2914 accuratius
709 2871 905 2927 exploret
926 2875 1070 2914 cetera
1100 2871 1287 2913 hostium
1310 2874 1475 2914 conata.
1522 2869 1615 2913 Rex
1635 2884 1764 2926 porro

288 2999 322 3045 ³²)
350 2999 508 3035 citantur
533 3010 650 3036 versus
675 2999 866 3036 secundum
892 3000 934 3035 A.
960 2999 1159 3059 Kirchhofii
1189 3000 1381 3036 editionem
1405 2999 1522 3039 Berol,
1549 3009 1580 3038 a.
1608 2999 1712 3037 1880.
