1858 3320
717 222 1008 265 ..69-

79 354 222 394 tamen
257 351 458 406 equidem
489 351 592 394 mihi
629 365 821 407 unquam
851 351 1121 407 persuadebo
1158 356 1208 394 ut
1237 353 1449 408 Aeschylo
1480 367 1651 408 semper

79 412 248 452 sunima
284 415 329 453 et
366 412 593 454 verborum
627 415 672 454 et
710 412 1023 454 sententiarum
1055 412 1178 467 copia
1208 412 1449 454 abundanti
1479 413 1650 454 inuram

79 470 213 512 talem
261 471 559 524 ignominiam:
607 471 737 512 immo
784 472 855 513 vix
893 474 1046 526 potero
1078 472 1272 513 accusari
1308 473 1579 523 temeritatiS,
1613 472 1650 513 si

79 533 272 571 statuam
303 530 482 573 alterius
514 529 631 573 chori
660 530 817 573 cantici
848 534 988 572 totum
1019 529 1110 572 fere
1142 534 1445 585 argumentum
1477 535 1521 573 et
1553 545 1650 573 ora-

78 589 239 632 tionem
270 589 325 631 ab
356 589 442 632 alio
474 589 662 644 quodam
692 593 867 632 auctore
889 589 946 632 ad
967 590 1085 646 prius
1106 591 1319 632 canticum
1340 605 1441 633 vere
1462 590 1649 646 Aeschy-

77 648 192 690 leum
224 662 319 691 esse
350 649 537 692 formata
567 653 613 691 et
643 648 872 704 desumpta
903 663 955 691 ex
986 650 1122 705 ipsius
1153 649 1354 706 Aeschyli
1385 651 1436 693 de
1474 650 1649 692 Atlante

78 708 340 750 narratione.

193 766 379 823 Reliqua
424 769 592 811 cantica
637 771 787 811 auctor
824 771 919 810 tota
956 767 1046 811 fere
1079 783 1156 811 suo
1188 770 1360 825 proprio
1393 784 1446 812 ex
1476 770 1649 824 ingenio

74 825 268 870 hausisse
306 827 496 870 videtur:
545 827 622 870 sed
661 842 746 882 quo
777 829 912 883 magis
943 842 1042 871 suas
1073 829 1205 884 ipsius
1238 830 1519 884 cogitationes
1550 844 1649 885 pro-

74 885 187 937 tulit,
228 901 279 929 eo
316 886 482 930 facilius
512 887 792 941 intelligimus
831 892 994 942 quanto
1026 889 1167 943 spatio
1200 890 1290 945 ejus
1322 890 1489 931 indoles
1521 890 1651 931 distet

75 945 131 988 ab
171 945 370 1002 Aeschyli
416 948 602 1001 ingenio.
665 946 776 989 Nam
821 948 1010 1002 virgines
1049 962 1160 1002 quae
1198 948 1244 990 in
1289 963 1418 991 scena
1464 952 1651 1003 agantur

77 1009 122 1048 et
153 1005 240 1048 sint
269 1005 419 1048 futura
448 1007 518 1049 vix
551 1010 720 1058 curant,
754 1006 831 1050 sed
863 1021 916 1050 ex
946 1008 1000 1049 iis
1029 1021 1140 1062 quae
1167 1011 1269 1050 sunt
1289 1008 1404 1051 fact-a
1425 1008 1649 1064 sibiipsae

73 1069 247 1108 sumunt
278 1080 330 1108 ex
361 1080 480 1109 more
511 1066 861 1122 philosophorum
893 1067 1067 1110 vivendi
1087 1082 1273 1110 normas.
1337 1068 1415 1110 His
1436 1071 1583 1110 tamen
1604 1068 1648 1109 in

72 1125 233 1167 normis
263 1126 575 1168 constituendis
605 1126 710 1168 mihi
742 1126 917 1181 quidem
948 1127 1081 1169 alium
1114 1128 1306 1170 animum
1338 1127 1563 1170 ostendere
1585 1128 1647 1170 vi-

73 1184 231 1229 dentur
261 1188 392 1240 atque
424 1186 469 1227 in
501 1186 760 1242 carminibus
792 1186 1080 1241 episodiisque
1110 1201 1212 1230 vere
1234 1187 1496 1243 Aeschyleis.
1544 1187 1648 1230 Ete-

73 1244 162 1285 nim
193 1245 238 1286 in
269 1246 430 1300 parodo
462 1246 528 1287 uti
555 1259 722 1287 summa
742 1246 1038 1289 misericordia
1058 1250 1242 1289 utuntur
1260 1248 1307 1289 in
1327 1246 1647 1299 Prometheum,

72 1303 132 1346 sic
175 1303 365 1358 flagrant
409 1306 455 1347 in
498 1304 649 1347 Jovem
695 1320 860 1348 summo
906 1306 1005 1348 odio
1044 1306 1128 1360 (vv.
1162 1307 1246 1349 158
1279 1320 1387 1361 sqq.‚
1423 1307 1507 1349 164
1538 1321 1646 1361 sqq.‚

76 1363 158 1406 187
193 1362 330 1420 sqq.):
379 1379 464 1419 quo
510 1365 607 1407 odio
654 1368 797 1408 motae
843 1380 930 1407 non
976 1364 1180 1408 dubitant
1218 1367 1262 1408 in
1295 1380 1394 1408 eum
1425 1366 1649 1409 effundere

73 1421 208 1465 verba
244 1424 389 1479 impia.
451 1423 592 1475 Quid?
644 1424 752 1467 tales
783 1425 971 1479 virgines
1001 1429 1232 1481 postquam
1265 1430 1566 1482 compererunt
1596 1441 1649 1469 ex

74 1480 334 1526 Prometheo
378 1497 465 1538 qua
512 1484 564 1526 de
612 1498 742 1526 causa
782 1486 916 1527 tantis
954 1484 1174 1528 laboribus
1204 1489 1439 1529 vexaretur
1470 1500 1497 1528 a
1526 1486 1647 1538 Jove,

73 1555 216 1585 nonne
253 1543 298 1584 in
330 1557 429 1586 eum
461 1557 512 1585 eo
543 1542 862 1587 vehementiore
895 1545 991 1588 odio
1030 1544 1276 1588 debuerunt
1311 1546 1498 1596 incendi!
1565 1545 1649 1588 Sed

72 1602 146 1657 qui
185 1602 360 1656 quidem
399 1606 568 1645 attente
607 1603 763 1658 legerit
799 1620 865 1647 vv.
889 1605 976 1647 528
1009 1619 1115 1659 sqq.‚
1157 1606 1196 1647 ei
1226 1619 1400 1648 versum
1431 1605 1649 1648 videbitur

72 1660 219 1705 odium
271 1676 484 1704 summam
530 1663 575 1704 in
620 1663 920 1706 timiditatem:
968 1663 1049 1707 hoc
1095 1665 1210 1707 enim
1257 1666 1544 1721 deprecantur
1592 1680 1647 1708 ne

70 1719 191 1764 ‚Iovis
222 1722 290 1764 ira
320 1736 516 1777 unquam
547 1736 642 1765 sese
672 1723 931 1774 insectetur;
968 1724 1059 1779 ipse
1091 1739 1182 1767 sese
1215 1724 1296 1767 diis
1327 1739 1407 1767 sua
1437 1725 1649 1768 sacrificia

73 1779 266 1823 facturas
313 1795 406 1824 esse
452 1782 712 1837 profitentur
757 1797 898 1837 neque
935 1782 1079 1826 verbis
1119 1784 1294 1838 quidem
1324 1785 1467 1841 impiis
1499 1786 1545 1828 in
1577 1799 1647 1828 eos

73 1853 244 1883 usuras.
306 1841 430 1884 Tales
464 1840 703 1885 Oceanides
735 1842 996 1899 Aeschyleas
1027 1843 1161 1886 fuisse
1194 1848 1237 1886 et
1267 1844 1366 1900 ipsa
1387 1845 1550 1887 exodus
1570 1860 1647 1887 ne-

72 1903 168 1954 gat:
216 1914 406 1956 namque
440 1902 642 1957 quoniam
673 1902 719 1945 in
749 1902 916 1957 parodo
948 1917 1044 1946 sese
1075 1902 1324 1947 Promethei
1355 1905 1550 1959 partibus
1582 1904 1646 1947 fa-

71 1973 171 2002 vere
204 1965 354 2016 aperte
388 1960 630 2014 edixerunt,
663 1961 744 2005 hac
773 1963 815 2004 in
849 1976 896 2005 re
929 1963 991 2005 sic
1022 1967 1303 2018 perseverant
1333 1968 1384 2006 ut
1413 1979 1499 2007 non
1521 1965 1646 2007 modo

71 2033 237 2074 poenas
268 2034 296 2063 a
325 2020 433 2064 Jove
465 2021 504 2063 ei
535 2022 759 2076 impositas
791 2035 880 2064 una
912 2037 1011 2066 cum
1029 2037 1090 2066 ⁴eo
1111 2024 1202 2079 pati
1224 2025 1311 2066 sint
1331 2025 1644 2078 paratissimae,

75 2078 154 2121 sed
187 2081 320 2122 etiam
350 2081 395 2123 in
416 2080 678 2123 Mercurium
709 2083 837 2124 deum
854 2082 971 2137 juste
1004 2083 1321 2126 dissuadentem
1351 2084 1486 2139 impia
1514 2088 1646 2139 atque

71 2138 231 2182 acerba
276 2139 413 2182 verba
459 2141 600 2183 dicere
647 2155 732 2183 non
765 2140 984 2184 dubitent:
1031 2142 1139 2185 haec
1175 2157 1244 2185 res
1277 2147 1545 2199 quantopere
1578 2159 1646 2186 re-

69 2202 234 2253 pugnet
265 2199 484 2242 vocabulis
515 2200 600 2242 illis
637 2199 755 2257 »μηδ’
783 2198 950 2256 ἀλίτοιμι
981 2200 1113 2254 λόγοις
1141 2202 1200 2247 εἷς·
1226 2200 1373 2247 θεούς-4(
1426 2205 1643 2255 concedet,

71 2258 267 2314 quisquis
313 2263 456 2314 potest
496 2259 704 2314 judicare.
768 2260 936 2303 Deinde
977 2262 1172 2317 displicet
1202 2262 1278 2304 illa
1308 2263 1522 2317 virginum
1554 2265 1645 2319 opi-

70 2317 142 2359 nio
175 2332 304 2373 quam
335 2318 560 2374 proferunt
591 2319 644 2362 de
675 2319 794 2362 Jovis
825 2321 1140 2376 omnipotentia
1161 2322 1235 2377 qui
1257 2322 1414 2364 dicitur
1434 2323 1479 2365 in
1500 2339 1539 2366 v.
1558 2325 1644 2366 528

71 2375 201 2417 πάντα
250 2375 392 2431 νέμων.
454 2378 625 2421 Etenim
668 2380 712 2421 in
759 2380 879 2422 exitu
926 2381 1109 2436 episodii
1147 2382 1331 2436 proximi
1361 2382 1644 2425 Prometheus

70 2437 392 2490 significaverat
423 2442 467 2481 et
497 2439 639 2494 ipsum
659 2438 811 2482 Jovem
843 2441 1103 2484 necessitate
1125 2455 1217 2484 esse
1238 2440 1505 2492 inferiorem3
1536 2442 1645 2485 haec

69 2496 328 2550 significatio
361 2512 502 2541 nonne
536 2498 688 2541 debuit
718 2499 763 2540 in
794 2500 1007 2553 virginum
1041 2501 1196 2543 animis
1219 2502 1531 2544 dubitationem
1553 2516 1643 2543 mo-

70 2570 169 2599 vere
201 2557 253 2599 de
285 2557 327 2599 vi
358 2562 490 2612 atque
522 2559 718 2614 potentia
750 2559 904 2601 summi
937 2560 1035 2602 dei?
1098 2559 1299 2603 Ceterum
1337 2561 1516 2603 dubium
1549 2576 1643 2604 esse

70 2629 155 2658 non
176 2619 323 2670 potest
344 2618 447 2671 quin
470 2621 623 2672 poetae
646 2618 865 2666 voeabula,
902 2617 1088 2675 »φρίσσω
1110 2618 1157 2660 δέ
1177 2634 1224 2660 σε
1246 2618 1472 2677 δερκομένα
1490 2619 1647 2677 μυρίοις

66 2673 244 2732 μόχθοις
272 2674 596 2731 ὃιακναίυμενονα
633 2677 951 2729 conscribentis,
985 2680 1128 2722 animo
1161 2680 1248 2722 sint
1268 2679 1488 2723 obversati
1510 2682 1644 2735 ipsius

60 2734 273 2790 'Aeschyli
305 2751 374 2779 vv.
397 2738 587 2780 93—95.

190 2793 311 2837 Idem
343 2795 459 2850 quod
487 2796 677 2851 judicavi
711 2798 762 2840 de
794 2796 1014 2840 vocabulis
1048 2797 1177 2839 πάντα
1210 2796 1341 2854 νέμων
1372 2799 1490 2842 cadit
1511 2801 1641 2843 etiam

70 2853 114 2895 in
147 2853 327 2896 alterius
359 2855 561 2911 strophae
593 2872 632 2899 v.
656 2857 756 2907 546,
789 2871 929 2912 neque
961 2858 1101 2912 magis
1133 2858 1275 2913 placet
1303 2862 1493 2901 ceterum
1514 2859 1642 2915 hujus

71 2913 272 2968 strophae
319 2919 633 2968 argumentum.
698 2916 865 2959 Etenim
905 2918 1109 2971 quoniam
1148 2918 1190 2959 in
1223 2920 1417 2973 proximo
1449 2919 1642 2974 episodio

70 2972 152 3015 suit
182 2988 321 3016 sermo
353 2974 406 3017 (le
440 2975 586 3017 futura
619 2975 862 3019 Promethei
894 2976 1151 3020 liberatione
1186 2983 1316 3034 atque
1339 2979 1525 3032 virgines
1547 2994 1642 3033 spe·
