1858 3320
719 225 1010 271 —65-

83 360 227 416 eloqui
259 360 383 412 solet,
431 359 545 402 haud
578 360 644 401 ita
673 371 773 402 raro
803 359 849 400 in
879 372 1007 400 usum
1037 362 1213 402 vocaret
1260 359 1647 415 dactyloepitritos.

82 419 288 463 Attamen
319 423 370 462 ut
399 422 670 475 praeteream
700 431 840 474 pauca
870 418 1068 486 exempla
1090 432 1142 461 ex
1166 418 1386 473 Sophoclis
1416 420 1655 489 tragoediis

83 480 315 534 exscripta,
355 479 593 535 Aeschylus
624 477 836 520 abstinuit
867 478 1021 520 ceteris
1051 478 1097 520 in
1127 477 1284 520 fabulis
1315 479 1506 521 numeris
1539 481 1654 535 ejus-

81 538 211 591 modi,
237 540 396 594 quippe
418 539 493 594 qui
514 553 728 581 summum
745 538 982 580 carminum
1005 535 1141 582 πάθος
1167 538 1239 580 vix
1255 542 1438 606 possent
1453 539 1652 582 reddere.

82 598 134 640 In
164 612 252 641 una
282 602 453 641 tantum
483 597 642 648 fabula,
677 598 771 640 dico
793 597 1098 640 Prometheum
1128 598 1331 648 vinctum,
1365 598 1395 639 ii
1426 598 1654 641 inveniun-

81 661 156 700 tur
174 661 306 714 atque
338 657 498 700 talibus
529 659 573 700 in
595 658 867 710 carminibus,
901 671 1085 714 quorum
1105 671 1160 700 ne
1188 660 1446 712 argumenta
1477 659 1653 713 quidem
1714 671 1718 674 ·

81 717 302 772 ingenium
348 717 634 774 Aeschyleum
680 718 862 773 prodere
910 717 1125 760 videntur.
1205 716 1408 760 Ceterum
1455 731 1510 760 ne
1560 719 1654 773 quis

82 777 284 832 opinetur
329 791 531 820 numeros
574 779 664 834 jam
694 792 781 820 non
812 780 903 820 tam
949 778 1096 819 firmas
1144 779 1445 820 constantesve
1480 777 1653 832 regulas

82 838 206 892 sequi
243 840 294 879 ut
331 837 447 879 credi
492 837 622 880 liceat
667 838 858 880 carmina
903 838 1141 893 composita
1172 850 1264 879 esse
1296 837 1347 879 iis
1385 837 1654 892 temporibus

82 897 238 951 quibus
285 897 439 952 tragici
485 897 737 952 saepissime
775 898 840 938 uti
879 897 966 939 sint
1003 897 1118 940 soliti
1158 896 1537 952 dactyloepitritis,
1587 901 1655 940 est

82 955 330 999 addendum
350 957 506 1011 prioris
528 957 731 998 carminis
753 956 988 998 clausulam
1006 971 1097 999 esse
1120 956 1379 999 versiculum
1396 956 1653 1012 Ithyphalli-

82 1030 197 1067 cum,
247 1015 322 1071 qui
353 1030 380 1058 a
415 1015 559 1072 lyricis
599 1017 773 1071 quidem
812 1016 1067 1072 repudiatus
1105 1017 1352 1071 saepissime
1390 1016 1568 1071 ponitur
1598 1017 1654 1059 ab

81 1074 288 1130 Euripide
338 1076 384 1117 in
430 1075 618 1131 strophis
670 1075 946 1127 exeuntibus,
1001 1077 1062 1118 sic
1106 1079 1157 1118 ut
1200 1075 1409 1119 nonnulla
1455 1077 1656 1132 exempla

83 1134 274 1187 afferam,
307 1136 352 1177 in
383 1135 496 1179 Med.
530 1135 614 1178 fab.
648 1151 714 1178 vv.
749 1135 849 1187 420,
884 1136 984 1187 634,
1019 1137 1126 1187 982;
1165 1136 1210 1178 in
1242 1135 1445 1179 Androm.
1477 1151 1518 1178 v.
1551 1137 1651 1179 777.

81 1194 233 1249 Neque
251 1194 422 1251 dactyli,
449 1197 523 1251 qui
540 1199 642 1238 sunt
661 1197 707 1238 in
723 1196 959 1238 carminum
975 1195 1124 1247 initiis,
1148 1195 1383 1239 abhorrent
1399 1196 1454 1238 ab
1470 1195 1653 1238 aliorum

81 1255 341 1310 tragicorum
374 1256 626 1298 rationibus.
691 1255 761 1298 Sic
791 1270 843 1298 ex
877 1255 1058 1311 dactylis
1089 1256 1240 1310 incipit
1261 1255 1327 1312 Aj.
1360 1254 1446 1298 fab.
1477 1269 1652 1298 carmen

15 1332 18 1334 ·
80 1315 195 1370 quod
228 1317 295 1357 est
325 1328 352 1357 a
382 1330 420 1361 v.
457 1316 554 1367 172,
588 1316 642 1358 ab
675 1316 921 1370 anapaestis
960 1319 1004 1358 et
1025 1315 1177 1358 Troad.
1210 1315 1296 1358 fab.
1330 1329 1504 1358 carmen
1537 1316 1653 1370 quod

79 1377 144 1417 est
175 1387 202 1416 a
232 1389 271 1417 v.
305 1375 405 1426 795,
440 1379 485 1418 et
506 1374 662 1417 Electr.
696 1375 782 1418 fab,
816 1376 1031 1418 canticum
1063 1375 1178 1430 quod
1210 1378 1277 1418 est
1307 1388 1334 1417 a
1364 1390 1403 1418 v.
1439 1376 1539 1418 859.

197 1433 295 1476 ιῘ3111
332 1447 471 1489 pauca
510 1439 611 1477 sunt
658 1435 908 1477 adnotanda
955 1435 1006 1478 de
1060 1436 1251 1478 numeris
1298 1435 1499 1477 carminis
1539 1435 1652 1477 anti-

77 1493 282 1549 strophici
303 1494 418 1548 quod
438 1495 599 1549 legitur
628 1494 731 1537 inde
752 1508 779 1537 a
798 1511 837 1537 v.
862 1495 962 1537 541.
1026 1494 1263 1537 Circuitum
1294 1495 1428 1549 igitur
1447 1508 1651 1537 versuum

78 1553 346 1608 singulorum
367 1554 580 1609 significat
600 1554 766 1610 syllaba
787 1555 917 1609 longa
938 1557 1124 1597 metrum
1148 1554 1398 1610 egrediens3
1429 1555 1474 1596 111
1496 1553 1650 1597 ultimo

0 1636 1 1650 ι
77 1627 207 1668 (1110111
238 1612 432 1656 scribunt
463 1615 650 1657 editores
682 1614 768 1656 duo
790 1614 884 1657 cola
904 1618 1022 1657 arcte
1055 1615 1284 1670 conjuncta
1305 1628 1395 1657 esse
1423 1613 1648 1657 videntur:

75 1686 263 1727 namque
283 1673 329 1715 in
350 1674 622 1728 antistropha
642 1675 845 1728 poscitur,
879 1675 1082 1729 quoniam
1103 1674 1387 1717 Prometheus
1410 1673 1649 1716 Hesionam

76 1732 309 1775 deduxisse
357 1732 441 1775 dici
478 1748 564 1775 non
611 1737 755 1788 potest
792 1735 875 1775 nisi
921 1738 1051 1777 antea
1097 1733 1221 1777 donis
1268 1733 1535 1788 nuptialibus
1567 1734 1650 1776 sibi

76 1792 357 1844 conciliatam,
379 1792 472 1836 loco
497 1791 648 1833 πείθων
669 1794 815 1836 acristi
836 1794 1113 1850 participium
1136 1791 1286 1843 πιθών,
1320 1793 1380 1835 310
1407 1797 1457 1835 111
1479 1793 1651 1850 syllaba

75 1852 217 1895 brevis
268 1853 529 1907 respondeat
586 1852 779 1909 syllabae
836 1853 991 1908 longae
1042 1853 1244 1909 adjectivi
1295 1850 1463 1893 θνατῶν
1514 1856 1649 1908 31(1110

75 1913 276 1954 031011(131
307 1912 476 1968 syllaba
507 1926 664 1968 anceps
696 1913 816 1968 prius
849 1913 988 1955 colum
1019 1913 1134 1955 finiri
1163 1916 1207 1955 et
1236 1913 1425 1968 incipere
1448 1912 1646 1955 alterum.

74 1971 241 2014 Deinde
288 1986 366 2027 pro
415 1971 608 2027 ἰσόνειρον
655 1987 707 2015 ex
753 1972 931 2028 Reisigii
978 1973 1234 2015 auctoritate
1282 1973 1472 2028 reposita
1518 1972 1648 2015 simili

75 2030 215 2073 forma
250 2030 530 2087 »ἁντόνειρον<<
567 2036 749 2086 (111311113
779 2046 930 2075 versus
967 2032 1099 2076 habet
1138 2046 1340 2075 numeros
1387 2032 1648 2083 trochaicos3

76 2091 211 2133 ceteri
240 2095 415 2147 praeter
446 2095 685 2134 extremum
708 2106 910 2136 numeros
938 2091 1351 2148 dactylotrochaicos
1381 2092 1646 2148 amplecten-

74 2154 163 2192 tem
202 2155 304 2193 sunt
341 2152 762 2206 anapaestoiambici.
826 2152 884 2194 Hi
915 2153 1083 2194 numeri
1116 2151 1325 2208 Aeschylo
1363 2152 1433 2194 vix
1463 2157 1648 2208 possunt

75 2209 220 2252 tribui.
284 2210 481 2266 Namque
514 2225 779 2267 quamquam
812 2225 908 2254 cum
940 2226 1114 2266 agerem
1147 2212 1200 2255 de
1232 2213 1424 2254 numeris
1456 2227 1522 2254 vv.
1560 2213 1646 2254 128

73 2283 181 2324 sqq„
229 2275 489 2326 anapaestos
527 2285 612 2313 non
644 2285 820 2326 prorsus
868 2271 1030 2314 alienos
1068 2285 1160 2314 esse
1199 2271 1324 2313 docui
1356 2272 1410 2314 ab
1441 2271 1645 2328 Aeschyli

73 2329 270 2381 canticis,
303 2334 452 2373 tamen
485 2330 625 2374 solent
654 2331 812 2374 habere
846 2331 977 2374 aliam
1008 2330 1191 2374 formam
1224 2334 1356 2386 atque
1387 2330 1467 2374 hoc
1498 2331 1642 2374 Prom.

74 2388 245 2432 fabulae
284 2403 468 2434 carmen.
547 2390 660 2432 Nam
697 2394 874 2447 praeter
913 2395 1168 2446 anapaestos
1203 2395 1246 2433 et
1277 2390 1442 2433 iambos
1479 2391 1643 2433 immis-

73 2451 226 2491 centur
257 2450 387 2492 etiam
425 2450 606 2506 dactyli;
654 2464 741 2505 qua
770 2464 818 2493 re
850 2451 1019 2494 duobus
1049 2451 1205 2493 ictibus
1246 2451 1439 2505 proxime
1487 2465 1643 2494 conve-

73 2507 291 2551 nientibus
328 2509 484 2552 mirum
517 2513 727 2563 quantum
759 2511 908 2565 augeri
939 2511 1026 2553 vim
1053 2514 1184 2566 atque
1223 2510 1482 2565 gravitatem
1506 2510 1645 2565 quivis

72 2567 247 2610 sentiet:
288 2568 363 2611 sed
395 2569 474 2611 hoc
503 2569 549 2610 in
587 2570 775 2612 carmine
807 2571 976 2612 numeri
1014 2573 1104 2612 tam
1136 2570 1303 2637 placide
1344 2569 1565 2625 profluunt
1596 2574 1646 2612 ut

72 2627 134 2669 vis
179 2626 418 2684 Aeschylea
467 2642 643 2683 prorsus
695 2629 978 2673 desideretur.
1068 2629 1234 2672 Deinde
1285 2629 1329 2671 in
1381 2629 1644 2671 carminibus

72 2685 319 2742 Aeschyleis
349 2687 594 2743 anapaesti,
643 2689 889 2745 interpositi
921 2690 1095 2740 iambis,
1136 2689 1290 2730 horum
1322 2689 1462 2731 locum
1494 2692 1644 2732 tenere

71 2744 291 2788 videntur:
325 2746 406 2789 hoc
435 2751 582 2790 tamen
612 2748 657 2790 in
689 2749 854 2791 cantico
886 2753 988 2792 sunt
1017 2749 1143 2805 pauci
1175 2748 1306 2790 iambi
1338 2752 1470 2803 atque
1503 2748 1643 2792 locum

70 2805 308 2862 principem
359 2810 511 2850 tenent
561 2809 795 2863 anapaesti
878 2809 1033 2864 Itaque
1085 2808 1326 2864 adstipulor
1368 2807 1643 2864 Westphalio

72 2878 273 2908 numeros
305 2866 359 2908 ab
392 2866 602 2923 Aeschylo
633 2868 941 2923 abjudicandos
974 2868 1179 2910 censenti.

192 2923 278 2969 Sed
317 2929 486 2969 restant
524 2926 650 2983 epodi
683 2941 734 2971 ex
766 2943 805 2970 v.
841 2929 926 2971 899
972 2928 1216 2983 incipientis
1247 2927 1436 2979 numeri,
1487 2928 1559 2984 qui
1592 2931 1642 2970 ut

1307 3045 1330 3080 5
