1858 3320
893 245 1184 288 *14-

254 378 505 434 pronomine
543 377 718 419 nuntius
756 377 908 419 leviter
939 376 1180 430 significare
1219 377 1389 419 videtur
1426 376 1568 432 ipsum
1598 376 1821 421 Eteoclem
1854 387 1858 396 “

257 451 351 480 6666
382 436 507 479 fratri
547 450 641 479 esse
681 437 1001 492 oppositurum;
1048 436 1117 477 cui
1155 435 1456 489 significationi
1501 435 1648 479 favent
1694 437 1824 480 etiam

254 496 431 540 voculae
491 494 594 553 »ἤδη
647 494 799 548 γνῶϋα(
885 494 1083 548 Namque
1129 498 1307 551 propter
1359 494 1469 537 hanc
1514 495 1655 551 ipsam
1692 495 1823 551 signi-

254 557 484 598 ficationen
522 556 602 598 hac
631 556 675 596 in
707 556 900 596 oratione
938 567 1094 609 praeco
1131 554 1333 597 recedere
1370 554 1542 597 videtur
1573 568 1600 598 a
1629 554 1825 602 formulis
1856 608 1858 610 ,

255 616 409 658 ceteris
441 616 485 656 in
517 613 882 657 admonitionibus
921 614 1107 655 usitatis.
1186 613 1351 656 Deinde
1385 628 1461 656 suo
1489 615 1588 670 jure
1622 615 1827 670 opposuit.

254 674 512 717 Ritschelius
544 673 711 715 facilius
743 673 859 716 idem
889 677 1042 728 postea
1072 673 1212 728 repeti
1242 673 1517 716 librariorum
1538 673 1667 730 culpa
1694 687 1825 728 quam

255 735 387 808 quod
409 736 663 788 sequeietur
708 733 925 788 anteponi.
1001 732 1108 774 Tum
1146 732 1326 775 alteiius
1373 733 1454 775 loci
1498 732 1709 777 vocabula
1750 729 1825 775 »σὺ
1857 745 1858 748 ’

255 792 418 838 ὃάυτὸς
447 790 598 844 γνῶθι(
634 805 713 848 per
745 807 790 835 se
823 792 1022 835 videntur
1053 805 1147 834 esse
1180 795 1394 848 corrupta.
1456 791 1567 835 Nam
1592 795 1826 848 postquam

255 853 430 894 nuntius
461 852 656 894 hortatus
688 855 753 894 est
783 866 930 907 regem
959 855 1008 894 ut
1029 850 1223 907 Polynici
1254 854 1493 908 opponeret
1513 851 1822 905 adversarium,

253 912 359 955 haec
391 912 531 954 dicere
563 912 723 966 pergit:

539 970 599 1019 ὡς
625 968 757 1013 οὔποτ’
789 970 907 1029 ἀνδρὶ
937 969 1044 1027 τῷδε
1073 970 1379 1029 κηρυκευμάτων

535 1029 696 1087 μέμψει,
729 1029 778 1071 σὺ
809 1030 844 1072 δ’
867 1030 989 1079 αὐτὸς
1016 1029 1141 1085 γνῶθι
1172 1030 1404 1088 ναυκληρεῖν
1434 1030 1555 1072 πόλιν.

254 1090 332 1132 Η16
378 1089 519 1132 verbis
555 1091 601 1132 id
638 1091 910 1146 potissimum
955 1095 1085 1146 poeta
1131 1094 1298 1145 spectat
1335 1094 1385 1132 ut
1415 1090 1534 1133 dicat
1579 1103 1672 1133 esse
1709 1090 1825 1146 regis

255 1151 495 1204 gubernare
542 1150 864 1206 rempublicam.
950 1150 1019 1193 Sic
1062 1153 1209 1192 tamen
1261 1148 1419 1192 format
1463 1150 1723 1192 sententiam
1774 1153 1827 1193 ut

254 1213 445 1265 opponat
474 1210 590 1252 inter
620 1224 665 1252 se
695 1210 917 1266 praeconis
949 1213 994 1252 et
1023 1210 1138 1264 legis
1158 1222 1357 1252 munera.
1391 1222 1493 1251 nam
1511 1209 1557 1252 in
1578 1210 1826 1252 universum

255 1269 339 1312 dici
371 1269 424 1312 de
455 1270 684 1325 praeconio
707 1273 752 1312 et
773 1267 1057 1326 κηρυκεύματα
1087 1269 1178 1311 6106
1200 1269 1381 1311 articulo
1402 1269 1592 1324 positum
1613 1272 1659 1311 et
1678 1265 1826 1311 οὔποτε

255 1328 504 1372 ostendunt.
581 1329 659 1371 Est
694 1330 827 1384 igitur
858 1329 927 1371 1116
957 1329 1269 1371 sententiarum
1315 1342 1531 1372 connexus
1580 1329 1693 1385 »jam
1723 1341 1827 1380 con-

254 1390 410 1431 stituas
442 1392 586 1431 tecum
618 1403 848 1444 quemnam
877 1390 1088 1431 missurus
1121 1389 1180 1431 sis
1211 1389 1256 1430 in
1285 1387 1553 1443 Polynicem;
1585 1388 1746 1431 etenim
1775 1390 1830 1439 ut

256 1463 324 1491 ine
357 1448 533 1503 quidem
570 1463 806 1504 numquam
842 1448 1109 1505 vituperabis
1140 1449 1185 1491 in
1216 1449 1464 1503 praeconio,
1513 1448 1575 1501 sic
1604 1451 1729 1490 tuum
1760 1450 1827 1495 est

256 1509 495 1563 gubernare
548 1509 896 1564 rempublicam«
983 1508 1088 1550 Tale
1143 1508 1249 1563 quid
1302 1508 1502 1551 universe
1558 1507 1826 1562 significatur

254 1567 472 1611 vocabulis
524 1567 697 1623 »ναυκλη
729 1568 786 1608 εῖν
832 1566 982 1617 famu«,
1036 1582 1176 1622 neque
1222 1571 1371 1610 tamen
1418 1568 1526 1610 bene
1573 1567 1827 1623 exprimitur

254 1629 396 1670 verbis
433 1626 506 1668 »σὺ
539 1626 702 1672 ὃ“αὐτύς
730 1627 909 1681 γνῶϋκ<ς
956 1628 1031 1670 sed
1065 1631 1364 1683 exspectamus
1398 1626 1442 1667 τὸ
1474 1625 1544 1667 σόν
1575 1625 1659 1667 ἐστι
1689 1623 1826 1682 (quod

255 1688 436 1743 conjecit
481 1685 756 1754 Ritschelius)
802 1688 871 1730 vel
918 1687 1179 1730 locutionem
1226 1687 1422 1729 similem
1503 1686 1568 1728 Ex
1614 1687 1667 1729 116
1712 1699 1828 1740 quae

254 1747 391 1789 fusius
423 1748 602 1802 exposui
633 1751 816 1803 apparet
841 1763 880 1790 v.
904 1748 1005 1799 633,
1052 1750 1232 1803 propter
1253 1747 1567 1789 sententiarum
1587 1759 1828 1789 connexum

255 1807 566 1858 necessarium,
620 1822 706 1849 non
752 1821 879 1862 posse
913 1807 1064 1858 deleri,
1119 1810 1163 1849 61
1209 1805 1470 1861 singularem
1521 1805 1827 1848 admonitionis

255 1866 438 1909 formam
474 1865 549 1906 »σὺ
581 1864 744 1910 δἀὐτὸς
772 1864 848 1924 ἤδη
884 1864 1034 1919 γνῶθκ<
1071 1866 1247 1909 defendi
1279 1880 1330 1908 ea
1359 1880 1408 1908 re
1451 1865 1568 1920 quod
1606 1867 1828 1921 exspectet

256 1927 434 1968 nuntius
466 1941 613 1981 regem
643 1927 787 1982 ipsum
818 1928 862 1968 in
893 1926 1074 1968 fratrem
1106 1940 1198 1969 esse
1229 1929 1538 1981 pugnaturum.

375 1986 474 2028 Jam
506 1987 611 2028 satis
643 1986 878 2028 ostendisse
910 1985 1015 2028 mihi
1045 1985 1195 2028 videor
1225 1999 1357 2028 unam
1397 1986 1664 2039 eandemque
1695 1985 1828 2037 duces
1856 2008 1858 2023 2

258 2046 445 2100 eligendi
474 2046 691 2088 fictionem
723 2046 885 2088 servari
915 2060 994 2101 per
1025 2059 1172 2088 omnes
1203 2045 1319 2099 regis
1351 2048 1396 2087 et
1425 2044 1568 2087 nuntii
1598 2044 1825 2096 orationes,

258 2105 319 2147 sic
364 2110 414 2148 ut
456 2105 536 2148 hac
581 2120 635 2148 ex
687 2109 811 2161 parte
859 2120 945 2148 non
996 2104 1166 2148 licuerit
1212 2104 1414 2147 Richtero
1466 2107 1659 2156 statuere
1706 2103 1826 2159 Sept.

256 2164 448 2208 fabulam
478 2169 578 2221 post
609 2165 809 2220 Aeschyli
839 2168 1036 2221 tempora
1068 2179 1162 2207 esse
1194 2168 1488 2207 retractatam.

378 2225 461 2267 Sed
507 2225 553 2266 in
605 2225 691 2268 illis
738 2225 1005 2267 orationibus
1056 2225 1170 2267 idem
1216 2225 1282 2267 vir
1333 2224 1484 2266 doctus
1537 2223 1668 2266 etiam
1718 2222 1827 2265 alias

258 2284 536 2326 difficultates
569 2286 723 2327 statuit
755 2299 914 2339 easque
936 2285 990 2327 ab
1014 2285 1164 2327 eodem
1185 2288 1372 2336 auctore,
1407 2284 1528 2339 cujus
1550 2285 1667 2325 esset
1686 2281 1828 2324 altera

259 2345 387 2386 duces
421 2345 607 2398 eligendi
652 2344 777 2396 ratio,
824 2345 870 2387 in
901 2358 1074 2387 carmen
1104 2344 1392 2399 Aeschyleum
1421 2343 1582 2386 illatas.
1659 2340 1749 2383 Has
1778 2341 1825 2382 in

257 2404 514 2446 offensiones
560 2405 817 2460 praesertim
864 2418 961 2447 cum
992 2418 1078 2446 non
1118 2402 1274 2447 6011661
1277 2406 1379 2446 6601
1424 2417 1521 2444 cum
1565 2401 1706 2444 altera
1740 2401 1828 2445 -illa

256 2463 428 2506 fictione
475 2478 615 2518 neque
664 2463 862 2507 debuerit
913 2465 1128 2520 interpies
1174 2464 1265 2506 sine
1311 2463 1451 2505 causis
1498 2463 1603 2504 duas
1646 2475 1716 2514 res
1751 2459 1827 2503 uni

258 2524 482 2578 eidemque
533 2524 835 2580 inteimpolatoii
886 2523 1120 2576 ascribere,
1173 2538 1287 2566 nunc
1332 2521 1437 2564 mihi
1468 2509 1711 2564 accuratius
1759 2523 1828 2562 est

257 2583 574 2637 inquirendum
637 2583 831 2626 Primum
861 2584 907 2626 in
937 2599 1004 2627 vv.
1024 2584 1180 2626 ·-360
1186 2583 1309 2626 362.;

555 2642 703 2692 Τυδευς
725 2643 801 2699 μὲν
833 2641 911 2701 ἤδη
944 2642 1046 2699 πρὸς
1073 2642 1227 2684 πύλαισι
1260 2640 1457 2698 Ιζοοιτίσιν

539 2702 696 2759 βρέμει,
729 2702 854 2759 πόρον
886 2703 924 2744 δ’
956 2700 1139 2760 Ἰσμηνὸν
1166 2717 1243 2744 ουκ
1271 2701 1327 2759 ἐᾷ
1356 2703 1483 2757 περᾶν

545 2763 568 2802 ὃ
594 2763 735 2818 μάντις
763 2762 811 2803 οὐ
842 2762 920 2818 γὰρ
952 2763 1103 2818 σφάγια
1135 2761 1301 2816 γίγνεται
1330 2760 1442 2802 καλά.

260 2835 355 2862 eam
386 2821 604 2863 fictionem
637 2836 689 2864 ex
722 2835 808 2876 qua
836 2822 1004 2876 Tydeus
1037 2823 1147 2864 vatis
1178 2835 1385 2888 responso
1416 2819 1636 2861 Ismenum
1665 2817 1827 2860 flumen

258 2881 444 2922 transire
475 2880 780 2936 prohiberetui
809 2881 1012 2936 Aeschyli
1053 2882 1224 2935 ingenio
1271 2880 1493 2934 indignam
1525 2891 1620 2920 esse
1657 2876 1828 2920 censuit

259 2943 389 2993 atque
423 2939 572 2982 deberi
618 2940 942 2996 interpolatoris
981 2941 1225 2995 sagacitati,
1275 2940 1348 2994 qui
1381 2939 1573 2981 excusari
1618 2936 1828 2979 voluisset

261 3013 470 3040 summam
507 3000 573 3041 bis
605 3003 769 3055 septem
807 3001 1049 3042 orationum
1094 3014 1270 3042 moram.
1348 2999 1440 3040 Hoc
1485 3012 1582 3040 cum
1615 2999 1827 3039 statueret
