1858 3320
848 210 1141 253 -62-

329 341 511 384 Prorsus
544 341 670 384 aliter
702 344 767 383 est
795 340 1076 395 judicandum
1108 340 1162 383 de
1195 341 1385 383 numeris
1417 341 1655 384 carminum
1675 340 1777 384 sub-

210 402 497 455 sequentium.
546 400 718 443 Etenim
750 404 798 442 ut
829 403 978 455 aperte
999 399 1193 442 indicant
1214 399 1408 455 syllabae
1436 400 1646 456 ancipites
1669 413 1780 455 quae

209 460 275 502 bis
305 461 583 504 inveniuntur
612 461 657 502 in
689 476 754 503 vv.
777 460 878 510 417,
912 460 1012 510 421,
1046 459 1146 510 418,
1181 459 1281 510 422,
1315 473 1410 502 sese
1443 460 1662 515 excipiunt
1690 463 1780 502 tres

211 520 384 563 dimetri
430 519 635 562 trochaici
681 519 919 570 acatalecti,
954 518 1279 573 subsequuntur
1311 519 1396 560 duo
1427 532 1577 562 versus
1608 519 1780 573 logaoe-

210 579 307 622 dici.
368 579 493 622 Tales
541 583 687 621 autem
733 592 948 629 numeros,
998 579 1159 620 normis
1192 578 1440 634 Aeschyleis
1468 592 1647 634 prorsus
1679 592 1781 621 con-

208 640 378 690 trarios,
426 638 616 680 indolem
648 637 927 693 Euripideam
968 638 1132 693 spirare
1163 641 1310 693 potest
1340 637 1521 680 ostendi.
1584 637 1781 692 Namque

210 702 259 740 ut
303 711 443 754 pauca
488 697 647 740 addam
694 697 747 739 de
796 698 923 739 variis
967 711 1244 740 numerorum
1275 697 1587 741 trochaicorum
1617 696 1780 748 formis,

209 757 461 813 Aeschylus,
509 758 551 798 in
593 756 811 798 nonnullis
844 757 1034 799 omnium
1066 757 1392 811 tragoediarum
1423 757 1601 800 canticis
1633 757 1783 799 metris

210 817 436 859 trochaicis
467 817 532 858 uti
564 815 729 868 solitus,
764 817 1017 872 saepissime
1055 817 1200 872 posuit
1232 816 1438 859 dimetros
1469 816 1707 859 trochaicos
1738 817 1783 858 in

209 877 294 918 fine
333 877 672 931 uniuscujusque
709 876 838 918 metri
885 877 1170 919 catalecticos.
1234 876 1356 919 Haec
1399 875 1551 928 forma,
1592 889 1703 930 quae
1741 876 1782 918 ei

211 938 302 977 tam
350 939 499 977 sancta
544 934 628 978 fuit
664 938 715 977 ut
744 936 790 977 in
821 936 973 990 quovis
1003 935 1094 978 fere
1126 936 1290 978 cantico
1321 935 1539 979 trochaico
1570 938 1779 987 uteretur,

209 998 361 1050 postea
391 1009 473 1036 usu
505 994 681 1037 excidit:
715 1009 849 1037 unum
882 995 999 1051 apud
1030 995 1282 1050 Euripidem
1314 995 1557 1051 exemplum
1589 998 1657 1038 est
1686 994 1780 1051 Iph.

210 1054 305 1096 Aul.
330 1071 367 1098 v.
392 1055 475 1097 297
487 1052 547 1111 *):
577 1053 848 1110 »βαρβάρους
863 1053 1079 1110 βάριδας<<.
1111 1055 1279 1097 Deinde
1298 1055 1471 1097 dimetri
1487 1054 1712 1106 trochaici,
1735 1055 1781 1097 in

212 1114 349 1156 altero
396 1118 566 1156 tantum
611 1118 750 1157 metro
783 1114 1034 1165 catalectici,
1075 1118 1119 1156 et
1150 1114 1266 1170 apud
1296 1113 1555 1170 Aeschylum
1587 1117 1632 1156 et
1663 1113 1781 1170 apud

211 1173 461 1242 Euripidem
494 1177 595 1215 sunt
626 1174 670 1215 in
702 1188 801 1215 11311.
838 1174 892 1216 ab
923 1173 1004 1216 hoc
1035 1177 1181 1216 autem
1211 1177 1303 1216 tam
1334 1187 1464 1230 saepe
1494 1177 1714 1230 ponuntur
1732 1177 1783 1216 ut

211 1247 288 1275 suo
306 1235 403 1289 J‘ure
427 1233 695 1287 giammatici
716 1236 904 1276 metrum
925 1247 1077 1276 vocare
1100 1235 1323 1301 potuerint
1342 1231 1604 1290 Εὐριπίδειον.
1636 1232 1782 1289 Appa—

210 1297 278 1335 iet
322 1294 456 1348 igitur
502 1296 601 1348 post
631 1292 830 1348 Aeschyli
862 1296 1058 1347 tempora
1088 1294 1225 1348 magis
1256 1293 1473 1349 placuisse
1503 1292 1687 1335 formam
1715 1307 1782 1335 se-

211 1353 360 1395 datam
407 1366 539 1406 quam
571 1356 840 1395 commotam.
902 1353 1098 1395 Dimetei
1128 1367 1256 1409 porro
1287 1367 1464 1409 prorsus
1501 1352 1780 1403 acataleetus,
1839 1383 1844 1388 -

212 1413 287 1467 qui
317 1426 371 1455 ne
404 1412 582 1454 alterius
615 1412 790 1467 quidem
822 1411 987 1455 formae
1025 1413 1112 1455 vim
1143 1414 1404 1467 assequitur,
1444 1411 1562 1468 apud
1592 1411 1781 1467 Aeschy-

209 1472 300 1514 lum
342 1485 581 1526 numquam
626 1472 715 1514 fere
758 1473 989 1514 invenitur.
1053 1472 1296 1529 Exscripsit
1341 1473 1455 1515 enim
1485 1470 1782 1527 Westphalius

210 1533 294 1573 tria
314 1535 485 1574 tantum
508 1532 722 1587 exempla;
755 1531 913 1587 quibus
944 1535 1089 1574 tamen
1111 1546 1164 1574 ex
1187 1532 1394 1589 exemplis
1415 1531 1460 1574 id
1481 1530 1599 1586 quod
1630 1534 1698 1573 est
1728 1545 1782 1573 ex

210 1591 360 1646 Agam.
393 1590 541 1633 fabula
570 1591 651 1635 hoc
684 1591 860 1646 quidem
891 1591 984 1634 loco
1015 1592 1086 1634 vix
1117 1592 1291 1635 videtur
1322 1606 1416 1634 esse
1445 1604 1782 1634 commemoran-

212 1651 326 1693 dum.
390 1651 563 1693 Etenim
601 1665 680 1693 sua
719 1665 772 1693 ex
808 1651 987 1693 libidine
1019 1652 1213 1694 restituit
1243 1652 1308 1694 vir
1341 1653 1492 1696 doctus
1523 1649 1782 1693 versiculum
1848 1654 1852 1659 '

210 1711 326 1752 illius
357 1710 520 1753 formae
551 1711 774 1753 metricae:
807 1724 909 1753 nam
940 1712 1143 1765 quoniam
1173 1712 1292 1766 prior
1321 1725 1421 1766 pars
1443 1710 1643 1753 carminis
1666 1709 1782 1766 quod

210 1771 361 1826 incipit
397 1784 424 1812 a
460 1786 499 1812 v.
535 1771 620 1813 959
660 1771 897 1826 composita
936 1775 1003 1813 est
1035 1785 1087 1814 ex
1118 1772 1313 1814 versibus
1347 1770 1570 1826 dactylicis
1602 1773 1647 1812 et
1677 1783 1782 1811 ana·

210 1831 433 1885 paestieis,
466 1830 610 1885 placet
640 1830 1018 1873 vehementissime
1050 1830 1243 1874 clausula
1274 1829 1684 1887 dactylotrochaica:

655 1887 859 1946 ἀνδρὸς”
835 1905 995 1931 επαισεν
1027 1889 1205 1946 ἄφαντον
1237 1890 1354 1947 ἕρμα.

212 1949 374 2000 Quibus
406 1950 548 1993 verbis
579 1953 628 1992 ut
659 1950 910 1992 iestitueret
955 1951 1299 2004 responsionem,
1347 1942 1527 1992 Weilius
1564 1949 1610 1991 in
1643 1948 1782 1991 antis-

211 2012 308 2065 trop
310 2009 369 2051 ha
422 2011 552 2052 etiam
604 2010 865 2052 sententiam
904 2010 1131 2052 verborum
1179 2010 1385 2065 adjuvans
1431 2009 1601 2082 scripsit
1651 2005 1786 2052 »Ζευς

214 2067 445 2110 ἀπέπαυσεν
467 2068 529 2110 ἐπ’
551 2066 794 2136 ευλαβείᾳ<<;
826 2070 1019 2124 reposuit
1039 2070 1172 2124 igitur
1201 2069 1295 2141 loco
1326 2068 1503 2112 voculae
1535 2064 1639 2117 αὖτ’,
1671 2081 1783 2122 quae

214 2142 343 2170 sensu
390 2143 542 2171 caiens
579 2129 626 2170 in
665 2129 808 2171 codice
856 2129 1016 2183 legitur
1063 2133 1163 2172 ante
1211 2126 1365 2176 ἔπαυσ’,
1417 2128 1781 2184 praepositionem

212 2187 334 2229 illam
366 2202 462 2231 cum
483 2187 616 2231 verbo
639 2192 758 2231 arcte
785 2188 1069 2243 jungendam,
1104 2193 1148 2232 et
1170 2189 1340 2244 scripsit
1361 2188 1454 2230 loco
1475 2187 1783 2231 vocabulorum

219 2244 387 2287 >>ἔπαυσ’
419 2246 507 2288 ἐπ’<<
557 2248 643 2291 levi
673 2248 890 2290 medicina
929 2248 1128 2291 adhibita
1178 2246 1380 2288 »ἔπαυσεν
1412 2245 1512 2288 ἐπ’.«
1579 2246 1784 2290 Ceterum

213 2321 292 2363 pro
322 2308 506 2362 proximi
537 2322 687 2351 versus
719 2308 951 2362 negatione
983 2306 1098 2357 οὐδέ,
1133 2323 1246 2363 quae
1279 2311 1324 2350 et
1353 2301 1450 2362 ipsa
1480 2306 1667 2361 intelligi
1697 2319 1784 2348 non

213 2370 369 2422 potest,
404 2368 585 2423 conjecit
614 2368 728 2410 idem
759 2368 974 2423 interpres
1006 2382 1103 2410 cum
1133 2368 1328 2411 veritatis
1356 2367 1497 2423 specie
1527 2365 1784 2422 particulam

214 2423 320 2466 εὖτε.
384 2427 470 2469 Sed
503 2427 714 2482 quidquid
745 2427 799 2470 de
836 2428 939 2483 ipsis
971 2428 1227 2483 conjecturis
1254 2426 1536 2483 judicabitur,
1569 2426 1651 2468 hoc
1680 2424 1785 2467 mihi

214 2486 389 2540 quidem
437 2490 504 2529 est
550 2487 834 2529 certissimum
872 2487 1015 2530 Weilii
1060 2489 1276 2531 rationem
1320 2485 1651 2541 praeferendam
1690 2498 1783 2527 esse

214 2547 486 2601 conjecturae
533 2546 785 2598 Hermanm',
839 2547 1155 2603 antistropham
1208 2547 1497 2602 amputantis3
1550 2550 1617 2589 est
1670 2544 1785 2588 enim

213 2605 339 2648 valde
374 2606 627 2649 cavendum
658 2621 712 2649 ne
745 2606 975 2649 deleantur
1020 2608 1152 2651 verba
1183 2607 1292 2650 adeo
1332 2620 1460 2648 sensu
1506 2606 1702 2648 carentia
1736 2608 1786 2647 ut

213 2665 561 2720 interpolationis
583 2680 714 2708 causa
733 2681 908 2721 prorsus
930 2671 1123 2721 nequeat
1145 2666 1394 2721 excogitari.
1456 2665 1612 2720 Itaque
1633 2665 1784 2708 malim

215 2739 313 2766 cum
349 2725 503 2767 Weilio
535 2726 581 2767 in
613 2726 793 2781 stropha
828 2730 928 2780 post
973 2724 1217 2783 εὐθυπορῶν
1261 2726 1466 2768 lacunam
1502 2729 1694 2767 statuere
1741 2727 1787 2766 et

215 2785 402 2826 retinere
419 2784 657 2827 clausulam
672 2785 794 2827 illam
816 2800 947 2841 supra
967 2786 1214 2837 laudatam3
1239 2790 1370 2840 atque
1392 2789 1591 2828 vetamur
1613 2798 1785 2827 carmen

214 2842 321 2886 illud
335 2843 544 2886 advocare
559 2845 604 2886 in
622 2844 960 2900 disputationem
973 2845 1229 2889 movendam
1243 2846 1295 2888 de
1311 2845 1504 2887 dimetris
1518 2843 1783 2886 acatalectis.

216 2902 302 2944 Sed
329 2903 373 2944 111
399 2902 516 2957 Sept.
540 2902 718 2946 fabulae
751 2906 940 2948 carmine
973 2906 1088 2960 quod
1121 2909 1187 2948 cst
1214 2906 1313 2947 inde
1336 2919 1362 2946 a
1383 2920 1422 2947 v.
1447 2904 1533 2946 328
1567 2903 1787 2959 excipiunt

335 2996 371 3040 ²¹²)
398 2995 555 3031 citantur
579 3007 698 3032 versus
723 2997 905 3043 Euripidei
930 3009 996 3034 sec.
1023 2998 1215 3034 editionem
1241 2997 1402 3034 Nauekii.
