1858 3320
733 228 1025 273 —67-

49 390 54 394 -
95 359 258 403 fuerint
289 360 350 402 dii
381 361 511 402 armis
549 359 759 415 superbis.
838 359 990 415 Neque
1020 359 1149 402 modo
1187 359 1367 402 eaedem
1414 360 1670 412 sententiae,

97 420 175 463 sed
206 420 337 462 etiam
369 420 521 462 eadem
550 419 641 462 fere
673 420 806 462 verba
835 420 901 462 bis
933 419 1157 474 leguntur:
1193 419 1254 462 sic
1284 423 1386 462 sunt
1416 421 1462 462 in
1483 420 1671 462 carmine

95 480 230 536 priori
255 480 467 536 »νεοχμοῖς
485 477 618 534 νόμοις
635 477 865 535 κρατύνεκ,
893 480 939 521 111
960 479 1098 521 altero
1125 476 1262 522 »ἰδίοις
1281 477 1416 534 νόμοις
1434 478 1666 536 κρατύνων,

90 553 238 593 .110(1110
285 529 435 581 dubito
483 539 587 593 quin
639 536 777 583 »θεοῖς-
828 539 909 583 τοῖς·
959 538 1091 594 πάρος·
1137 536 1373 579 ἐνδείκνυσιν
1412 538 1674 596 ὑπερήφανον

97 597 271 655 αἷχμῆν<<
297 599 384 640 sint
414 597 599 640 formata
630 598 687 640 ad
719 598 874 654 prioris
913 598 1114 640 carminis
1146 597 1356 640 vocabula
1392 615 1411 637 >>
1420 597 1468 638 τὰ
1502 599 1593 654 πρὶν
1627 596 1674 638 δὲ

98 657 279 713 πελώρια
297 658 365 698 νῦν
382 655 550 698 aemi«.
573 657 691 708 Quae
708 671 806 700 cum
826 658 890 700 ita
906 658 1005 709 sint,
1029 656 1155 700 facile
1177 657 1436 712 intelligitur
1456 658 1671 712 quomodo

97 718 155 759 sit
184 716 347 759 factum
377 722 427 759 ut
457 718 524 760 bis
559 721 824 773 ponerentur
870 717 1012 760 eidem
1057 717 1245 759 numeri:
1295 731 1383 759 una
1431 732 1528 759 cum
1574 731 1672 760 sen-

97 777 246 819 tentiis
278 780 429 819 auctor
460 778 660 820 carminis
699 778 878 820 alterius
917 778 1049 820 etiam
1079 791 1282 820 numeros
1314 791 1439 820 suum
1468 778 1514 819 111
1545 791 1674 819 usum

97 836 366 892 deprompsit
397 850 450 879 ex
481 837 668 879 carmine
700 837 846 893 priori.

216 895 524 952 Antistrophae
570 911 699 952 porro
746 900 1050 952 argumentum
1096 898 1347 939 universum
1385 910 1472 939 non
1505 899 1572 939 est
1601 910 1670 938 re-

87 954 473 1011 prehendendum
505 970 691 1011 namque
724 970 847 999 suam
868 957 1107 998 orationem
1127 957 1315 1010 virgines
1345 957 1581 998 instituunt
1611 956 1674 998 sic

96 1019 148 1057 ut
178 1015 325 1057 dicant
362 1030 447 1057 non
479 1016 607 1058 modo
639 1030 686 1058 se
723 1017 841 1072 ipsas
873 1016 950 1059 sed
988 1020 1129 1058 totum
1166 1017 1314 1058 orbem
1359 1016 1509 1070 lugere
1556 1015 1673 1057 mala

97 1074 354 1117 Prometheo
412 1075 548 1118 illata.
638 1075 840 1119 Ceterum
900 1076 1103 1130 quoniam
1163 1075 1289 1118 docet
1347 1075 1526 1131 stropha
1575 1078 1673 1131 post

98 1131 382 1191 ἀρχαιοπρεπῆ
428 1135 699 1178 intercidisse
746 1140 933 1191 quatuor
980 1136 1187 1192 syllabas,
1238 1139 1282 1178 et
1312 1135 1458 1191 paullo
1490 1133 1702 1181 inferius,

97 1195 421 1248 subsequuntur
478 1193 618 1235 ὁπόσοι
661 1193 854 1236 τ’ἔποικον
884 1192 1011 1239 Ἀσίας
1059 1193 1153 1239 ἕδος
1183 1193 1385 1250 νέμονται,
1446 1209 1523 1237 3110
1571 1195 1670 1250 jure

95 1253 386 1296 Weckleinius
435 1255 723 1310 supplendum
775 1269 870 1298 esse
923 1255 1061 1297 suasit
1111 1252 1349 1310 θ’ἑσπέριοι,
1412 1257 1463 1296 ut
1513 1254 1672 1296 orienti

97 1317 390 1368 opponeretur
419 1315 627 1357 occidens.

214 1373 266 1415 In
287 1374 651 1428 subsequentibus
682 1378 832 1417 autem
854 1374 1048 1428 singulae
1079 1373 1256 1416 orientis
1278 1376 1430 1428 gentes
1453 1373 1670 1417 dicuntur.

95 1431 190 1483 Qua
219 1433 265 1474 111
297 1434 489 1488 gentium
521 1435 843 1476 enumeratione
876 1433 962 1476 duo
992 1432 1070 1476 illa
1102 1433 1330 1476 enuntiata
1349 1433 1535 1475 relativa
1557 1446 1670 1488 quae

95 1491 383 1547 subjiciuntur
419 1497 465 1536 et
495 1493 549 1536 de
583 1493 817 1549 Sytharum
853 1507 1005 1536 acervo
1045 1496 1090 1535 et
1121 1492 1176 1536 de
1207 1491 1436 1535 Persarum
1475 1492 1580 1535 flore
1614 1519 1668 1525 ——

94 1565 282 1606 namque
314 1567 367 1595 ex
397 1553 593 1596 omnibus
625 1553 881 1609 conjecturis
914 1553 1006 1595 1000
1051 1553 1242 1608 corrupti
1273 1552 1456 1594 nominis
1484 1549 1674 1607 Ἀραβίας

96 1612 349 1666 excogitatis
386 1613 558 1655 videtur
603 1613 766 1668 optima
797 1613 1030 1667 Hartungii
1062 1609 1207 1668 Ἀρίας,
1254 1612 1371 1666 (111οᾰ
1419 1613 1672 1654 vocabulum

94 1671 355 1727 respondeat
406 1670 600 1728 Κολχίδος
653 1670 710 1729 (v.
759 1672 923 1715 Weckl.
987 1672 1102 1715 stud
1165 1672 1314 1714 Aesch
1377 1687 1418 1727 p.
1476 1669 1550 1728 12)
1613 1699 1667 1704 ——

95 1730 199 1773 1111111
245 1732 418 1785 quidem
463 1732 590 1775 valde
638 1732 869 1788 displicent
913 1733 998 1774 nisi
1051 1735 1305 1774 statuuntm
1358 1745 1453 1773 esse
1500 1731 1672 1787 adjecta

95 1804 124 1832 a
152 1795 283 1846 poeta
312 1796 362 1833 ut
393 1791 656 1845 significaret
687 1793 818 1834 etiam
849 1796 1064 1835 terrarum
1094 1792 1478 1834 remotissimarum
1508 1791 1669 1833 incolas

95 1850 243 1905 lugere
266 1850 590 1901 Prometheum3
623 1852 738 1906 quod
771 1853 807 1894 si
838 1866 924 1894 non
956 1854 1197 1894 statuemus
1229 1851 1370 1894 facere
1401 1865 1487 1892 non
1517 1865 1670 1906 possu-

94 1924 191 1952 mus
230 1911 335 1965 quin
366 1911 660 1967 vituperemus
698 1915 876 1967 poetam
906 1912 1033 1954 nimis
1065 1925 1158 1954 sese
1186 1912 1425 1967 jactantem
1455 1911 1501 1952 in
1532 1910 1668 1952 adno-

95 1970 329 2013 tationibus
376 1971 687 2027 geographicis.
762 1971 906 2026 Atque
938 1972 1048 2014 bene
1080 1970 1327 2014 defenditur
1365 1969 1475 2012 illud
1515 1974 1670 2026 poetae

95 2029 319 2072 consilium
350 2030 402 2072 iis
434 2044 545 2085 quae
578 2031 840 2087 adjiciuntur
872 2031 927 2074 de
947 2031 1178 2074 Persarum
1202 2029 1443 2072 domiciliis:
1477 2043 1666 2084 namque

95 2094 194 2145 post
241 2090 391 2145 longos
438 2090 616 2133 tandem
663 2105 830 2133 errores
867 2091 922 2134 Jo
958 2105 1096 2146 usque
1143 2091 1286 2146 ipsum
1332 2089 1389 2132 ad
1430 2088 1670 2132 Caucasum

95 2153 286 2192 montem
316 2154 580 2205 perventura
611 2165 706 2194 esse
739 2150 896 2193 dicitur
926 2151 972 2192 in
1002 2167 1042 2194 v.
1078 2151 1178 2193 717.
1252 2149 1338 2192 Sed
1368 2149 1489 2205 prius
1531 2163 1668 2192 enun-

95 2209 252 2252 tiatum
289 2209 517 2252 relativum
549 2224 634 2252 non
665 2214 782 2254 recte
815 2225 910 2253 sese
947 2210 1106 2253 habere
1140 2209 1311 2252 videtur
1348 2212 1528 2265 propter
1557 2209 1669 2251 illud

62 2311 65 2313 ,
96 2269 324 2311 artificium
355 2270 589 2324 poeticum:
632 2284 732 2312 110111
763 2271 948 2326 primum
978 2270 1059 2312 hoc
1089 2271 1135 2312 in
1167 2283 1361 2311 connexu
1398 2269 1547 2324 inepte
1578 2283 1668 2311 me-

96 2333 320 2370 morantur
352 2328 549 2384 Scythae.
621 2329 793 2372 Etenim
824 2331 868 2372 in
901 2331 1076 2384 regione
1109 2328 1297 2383 quadam
1329 2327 1504 2371 deserta
1532 2328 1669 2384 ipsius

95 2387 294 2444 Scythiae
327 2388 607 2431 Prometheus
638 2390 736 2445 rupi
768 2394 835 2432 est
867 2390 1021 2431 affixus
1053 2392 1110 2442 (v.
1143 2387 1189 2443 2)
1223 2391 1268 2430 ct
1298 2387 1378 2430 1100
1409 2402 1462 2430 ex
1493 2389 1669 2442 regione

94 2447 184 2502 ipse
231 2452 471 2502 auguratur
507 2449 552 2490 in
588 2465 654 2491 vv.
688 2451 773 2492 703
807 2463 899 2503 sqq.
978 2449 1132 2491 Jonem
1170 2448 1226 2489 ad
1266 2448 1476 2490 orientem
1523 2461 1669 2489 versus

93 2507 280 2562 primum
311 2510 536 2550 venturam
570 2523 664 2550 esse
699 2509 755 2550 ad
786 2508 1042 2564 Scytharum
1075 2507 1301 2550 domicilia.
1354 2506 1521 2550 Deinde
1555 2507 1670 2561 quod

95 2566 176 2608 hoc
224 2567 269 2608 in
320 2568 507 2609 carmine
561 2568 745 2623 Scythae
797 2567 947 2610 sedere
999 2567 1203 2609 dicuntur
1254 2567 1413 2609 circum
1464 2566 1670 2622 paludem

95 2625 356 2668 Maeotidem
403 2626 544 2669 fronte
576 2628 759 2670 adversa
795 2627 848 2669 iis
890 2631 1105 2682 repugnat
1145 2639 1274 2681 quae,
1323 2630 1373 2668 ut
1403 2629 1585 2681 apparet
1617 2641 1669 2668 ex

96 2685 221 2728 Jonis
254 2687 481 2737 erroribus,
516 2686 753 2742 Aeschylus
786 2691 829 2729 et
861 2686 915 2728 (10
947 2700 1096 2729 eorum
1128 2686 1355 2729 domiciliis
1387 2686 1593 2739 cogitavit
1626 2689 1670 2728 et

96 2746 236 2788 verbis
267 2746 431 2801 apertis
463 2745 598 2788 edixit
630 2747 682 2788 dc
709 2746 880 2801 paludis
914 2747 1011 2788 situ.
1075 2746 1207 2788 Jubet
1239 2746 1353 2788 enim
1384 2745 1669 2787 Prometheus

95 2806 306 2858 virginem
339 2809 569 2860 postquam
601 2819 653 2847 ex
685 2805 789 2847 locis
819 2806 999 2847 desertis
1030 2805 1086 2847 ad
1107 2806 1317 2848 orientem
1337 2818 1483 2847 versus
1504 2805 1670 2847 venerit

96 2864 152 2907 ad
186 2864 365 2920 Scythas
397 2864 632 2915 Nomadas,
680 2865 758 2907 hos
791 2866 999 2907 vitantem
1031 2864 1234 2920 progredi
1279 2868 1456 2920 practer
1493 2879 1670 2920 asperas

98 2925 228 2966 maris
257 2938 354 2966 oras
387 2939 523 2978 usquc
556 2923 658 2966 dum
682 2924 895 2980 Chalybas
928 2925 1133 2978 attingat:
1169 2924 1246 2966 hos
1268 2927 1414 2967 autem
1435 2923 1669 2967 habentem

97 2984 152 3026 ad
174 2984 392 3026 sinistram
416 2985 665 3039 praeterire,
689 2983 844 3027 deinde
867 2998 962 3027 cam
984 2987 1290 3040 perventuram
1314 2998 1406 3026 esse
1429 2988 1670 3038 auguratur
