1858 3320
670 246 960 287 -25-

0 377 19 411 ³?
37 379 84 420 et
112 377 323 431 virginum
353 375 507 418 chorus
537 378 583 418 et
612 378 876 430 spectatores
908 375 960 417 de
991 374 1145 417 ceteris
1167 375 1343 416 ducibus
1363 389 1443 430 pro
1463 374 1598 416 totius

9 435 284 490 {tragoediae
329 433 472 478 indole
519 433 622 476 satis
669 434 776 476 certi
819 435 988 476 fierent.
1063 433 1260 487 Namque
1306 434 1508 487 quoniam
1553 434 1598 475 in

35 509 103 538 vv.
126 495 298 537 50-51
350 494 604 548 Argivorum
650 493 779 535 duces
811 494 1011 535 dicuntur
1039 492 1214 535 Adrasti
1245 493 1388 534 currui
1409 492 1598 535 affixisse

0 556 14 602 ¹:
36 554 160 608 signa
191 554 258 596 sui
288 566 489 604 memora,
522 551 762 608 Aeschylus
788 552 906 594 illam
935 551 1127 594 fabulam
1158 555 1331 594 secutus
1364 565 1458 594 esse
1479 552 1597 594 vide-

36 616 110 655 tur
153 626 206 655 ex
253 623 340 667 qua
377 611 661 668 Amphiaraus
696 615 817 654 vates
855 611 1120 667 praedixisse
1167 611 1354 653 traditur
1383 611 1595 653 neminem

0 674 15 723 ῖς
36 684 89 715 ex
120 672 275 714 ducum
306 685 484 714 numero
515 671 687 713 domum
708 685 802 714 esse
823 671 1062 713 rediturum
1083 670 1165 712 nisi
1186 670 1432 713 Adrastum.
1464 669 1598 712 Porro

7 732 14 763 ἲ
34 730 80 773 in
126 744 255 773 scena
299 730 375 773 illa
411 729 634 786 praeclara
671 744 782 785 quae
820 734 886 773 est
917 731 970 773 de
1008 730 1074 772 bis
1105 733 1271 785 septem
1303 729 1482 772 ducibus
1513 743 1599 771 non

3 807 14 829 ι
35 789 168 832 semel
200 794 557 833 commemoratur
583 788 742 832 bellum
763 789 932 844 Argivis
958 789 1244 845 perniciosum
1265 803 1360 832 esse
1379 788 1596 831 futurum:

4 874 10 904 ¹,
35 849 98 891 sic
133 849 177 890 in
208 850 348 904 prima
378 850 488 891 nutii
518 849 778 901 narratione,
819 862 929 903 quae
962 851 1029 891 est
1059 849 1111 891 de
1141 847 1305 904 Tydeo,
1344 851 1467 891 vates
1498 862 1599 890 suos

3 909 9 924 ³
34 921 63 950 a
91 907 255 963 proelio
286 908 472 950 retinere
505 907 662 949 dicitur
691 912 870 963 propter
900 921 1022 950 sacra
1051 906 1252 958 infelicia,
1285 907 1440 950 deinde
1471 908 1516 949 in
1549 921 1600 950 ea

34 967 240 1018 oratione,
281 980 368 1021 qua
403 967 486 1022 ipsi
523 966 614 1009 vati
650 967 920 1009 adversarius
952 967 1200 1023 opponitur,
1248 981 1324 1009 rex
1356 981 1454 1009 eum
1484 967 1599 1008 timi-

34 1026 170 1069 ditate
217 1026 271 1068 ab
300 1026 465 1081 impetu
495 1026 673 1068 retineri
702 1030 846 1080 negat,
881 1026 958 1069 sed
991 1027 1104 1080 quod
1137 1026 1245 1068 sciat
1277 1040 1370 1068 sese
1402 1040 1599 1082 pugnan-

0 1079 9 1091 ²
34 1089 122 1129 tem
153 1099 246 1128 esse
278 1085 532 1127 moriturum
563 1084 600 1126 si
631 1086 746 1128 credi
769 1085 897 1128 liceat
916 1085 1128 1141 Apollinis
1150 1085 1346 1127 oraculis.
1396 1085 1599 1128 Ceterum

34 1156 145 1199 quae
190 1148 431 1186 memoratu
478 1144 608 1198 digna
652 1144 813 1187 tradita
850 1149 974 1187 erant
1013 1145 1066 1188 de
1103 1145 1406 1187 nonnullorum
1444 1145 1599 1187 ducum

0 1237 5 1258 z
32 1202 136 1246 fatis
183 1203 290 1245 satis
331 1204 520 1258 respexit
564 1207 694 1259 poeta
730 1205 776 1246 in
807 1204 860 1246 iis
899 1218 1009 1258 quae
1056 1208 1289 1247 narrantur
1335 1205 1387 1247 de
1419 1204 1598 1259 singulis

33 1262 215 1317 Argivis.
281 1262 349 1305 Sic
389 1277 474 1305 non
511 1263 605 1305 sine
636 1266 752 1306 certo
785 1263 960 1306 consilio
993 1267 1094 1306 sunt
1125 1265 1285 1319 scripta
1315 1277 1456 1318 neque
1487 1277 1599 1318 quae

0 1342 2 1361 ε
34 1325 79 1364 et
108 1322 202 1377 ipse
233 1321 460 1378 Capaneus
485 1322 623 1377 jactat
653 1323 697 1364 in
728 1323 794 1364 v'v.
818 1323 904 1366 440
928 1337 1021 1378 sqq.
1056 1327 1100 1365 et
1120 1337 1197 1366 rex
1219 1324 1270 1366 de
1294 1337 1345 1366 eo
1366 1324 1600 1379 respondet

0 1421 2 1442 ζ
32 1381 78 1424 in
107 1396 172 1423 vv.
195 1381 444 1432 427-429‚
484 1395 624 1436 neque
657 1395 767 1436 quae
799 1382 1084 1438 Amphiaraus
1121 1383 1174 1425 de
1207 1396 1287 1424 sua
1316 1383 1451 1438 ipsius
1483 1386 1599 1426 sorte

0 1452 1 1456 ’
33 1440 291 1484 vaticinatur
320 1441 364 1482 in
386 1455 452 1483 vv.
476 1441 530 1484 57
535 1441 724 1484 0-571.
772 1441 891 1491 Quae
912 1456 1008 1484 cum
1028 1442 1092 1483 ita
1112 1442 1210 1493 sint,
1245 1446 1510 1497 spectatores
1531 1441 1598 1484 his

0 1527 3 1554 3
31 1499 302 1556 potissimum
349 1500 490 1542 nuntii
534 1501 677 1543 verbis
727 1498 962 1541 »πέπτωκεν
1008 1499 1169 1557 ἀνδρῶν
1215 1499 1396 1557 ὀβρίμων
1450 1501 1597 1556 κομπά-

0 1569 2 1578 ’
32 1571 194 1614 optata«
239 1559 439 1602 interitus
471 1559 628 1602 ducum
659 1559 915 1614 Argivorum
947 1561 1051 1603 satis
1092 1560 1417 1603 commonefacti
1448 1561 1598 1604 viden-

0 1612 2 1633 *
32 1621 122 1668 turg
150 1631 290 1673 neque
311 1632 572 1673 quemquam
593 1633 646 1661 ex
666 1618 963 1662 Thebanorum
986 1620 1165 1662 ducibus
1186 1621 1269 1662 nisi
1288 1635 1436 1676 regem
1457 1621 1598 1677 ipsum

31 1677 237 1720 cecidisse
268 1682 503 1734 potuerunt
533 1678 786 1722 concludere
817 1678 884 1721 his
916 1694 968 1722 ex
999 1679 1215 1722 versibus:

375 1736 500 1791 στέγει
530 1737 577 1779 δὲ
608 1737 758 1794 πύργος
783 1738 847 1779 καὶ
877 1737 1003 1787 πύλας
1031 1737 1267 1795 φερεγγύοις

374 1795 671 1853 ἐφραξάμεσθα
696 1798 956 1855 μονομάχοισι
987 1799 1233 1854 προστάταις.

374 1855 507 1904 καλῶς
534 1854 609 1913 ἔχη
640 1856 688 1897 τὰ
718 1856 865 1898 πλεῖστ’
896 1857 939 1898 ἐν
970 1856 1020 1903 ἓξ
1045 1857 1283 1913 πυλώμασιν.

31 1913 185 1969 Itaque
217 1928 286 1957 me
312 1914 457 1971 judice
487 1914 568 1957 hac
599 1929 651 1958 ex
682 1920 806 1972 parte
838 1916 944 1958 nihil
966 1917 1151 1973 amplius
1174 1920 1463 1973 exspectatur.
1513 1917 1598 1961 Sed

31 1986 110 2016 eur
140 1974 192 2016 de
224 1973 379 2017 ceteris
411 1974 589 2016 ducibus
620 1979 711 2017 tam
731 1976 922 2019 breviter
941 1979 1072 2031 atque
1094 1976 1139 2018 in
1161 1977 1408 2019 universum
1430 1977 1599 2020 dicatur

30 2034 255 2087 quaerenti
308 2037 376 2076 est
428 2035 773 2089 respondendum
827 2034 872 2078 id
918 2036 1191 2092 potissimum
1237 2036 1378 2091 egisse
1424 2039 1597 2092 poetam

28 2094 79 2134 ut
124 2092 302 2135 nuntius
349 2093 536 2148 virgines
582 2093 744 2137 faceret
791 2095 993 2138 certiores
1036 2095 1256 2140 ,interiisse
1303 2095 1523 2139 Eteoclem
1554 2101 1599 2139 et

29 2149 275 2207 Polynicem
306 2152 421 2195 inter
451 2167 497 2196 se
519 2157 778 2208 pugnantes
825 2154 990 2197 Deinde
1023 2155 1102 2197 viri
1125 2155 1239 2198 docti
1260 2155 1497 2198 haeserunt
1517 2155 1598 2199 hac

27 2210 72 2252 in
105 2224 151 2253 re
181 2211 298 2266 quod
329 2216 593 2267 spectatores
625 2212 679 2255 de
712 2214 830 2256 urbis
860 2213 950 2256 fato
986 2215 1265 2257 mitterentur
1286 2215 1438 2258 securi.
1486 2214 1597 2258 Nam

27 2269 72 2311 in
103 2271 291 2314 carmine
321 2271 408 2323 illo,
443 2271 558 2326 quod
591 2272 743 2314 chorus
776 2277 923 2315 cantat
967 2277 1196 2329 postquam
1227 2288 1303 2316 rex
1334 2276 1378 2316 in
1406 2288 1597 2330 pugnam

28 2327 260 2382 festinavit,
285 2331 514 2387 exponitur
533 2335 710 2387 propter
731 2332 948 2386 quodnam
969 2333 1063 2375 Laii
1086 2334 1236 2376 vitium
1253 2333 1597 2376 Labdacidarum

30 2401 165 2443 genus
196 2388 253 2431 ad
283 2390 506 2432 interitum
538 2391 595 2432 sit
627 2390 908 2434 destinatum:
943 2393 979 2434 is
1012 2394 1125 2435 enim
1148 2407 1407 2447 quamquam
1430 2398 1498 2436 ter
1517 2394 1598 2436 hoc

29 2447 266 2490 audivisset
297 2449 514 2492 oraculum
552 2447 720 2502 »γέννας
748 2447 848 2507 ἄτερ
878 2447 1022 2505 σῴζειν
1055 2450 1207 2502 milev«,
1241 2457 1387 2495 tamen
1417 2452 1596 2496 libidine

28 2511 179 2562 raptus
220 2507 357 2550 filium
395 2509 594 2563 genuisse
632 2508 801 2553 dicitur.
864 2510 986 2552 Illius
1017 2511 1177 2554 oraculi
1210 2526 1294 2554 non
1325 2513 1596 2555 immemores

28 2565 216 2620 virgines
247 2571 447 2610 metuunt
476 2582 530 2610 ne
564 2582 676 2610 nunc
706 2583 793 2611 una
824 2583 920 2612 cum
955 2569 1128 2613 Eteocle
1162 2576 1207 2613 et
1227 2570 1428 2627 Polynice
1450 2571 1595 2614 fratri-

28 2624 110 2667 bus
155 2625 287 2669 caede
332 2631 483 2669 mutua
514 2628 717 2683 perituris
750 2629 880 2671 etiam
917 2628 1214 2673 Thebanorum
1246 2631 1349 2673 urbs
1395 2632 1594 2675 intereat.

29 2682 153 2727 Hanc
198 2699 343 2728 curam
381 2690 431 2728 ut
460 2686 599 2737 tollat,
647 2688 824 2730 nuntius
861 2689 1046 2744 primum
1085 2691 1258 2732 nuntiat
1304 2691 1454 2733 urbem
1501 2705 1596 2734 esse

29 2748 244 2787 servatam
286 2742 344 2800 (v.
376 2745 495 2800 776).
559 2745 756 2801 Virgines
802 2751 947 2790 autem
985 2752 1162 2804 propter
1200 2749 1381 2792 fratrum
1420 2749 1595 2793 caedem

28 2806 223 2845 mutuam
256 2804 318 2846 sic
347 2809 588 2858 agnoscunt
619 2810 663 2847 et
695 2806 849 2862 Oedipi
882 2806 1072 2850 dirarum
1106 2812 1150 2851 et
1181 2809 1274 2851 Laii
1306 2810 1398 2852 vitii
1429 2810 1514 2852 vim
1547 2814 1596 2852 ut

27 2859 134 2905 haec
165 2861 326 2905 dicant:
373 2862 591 2919 ἐξέπραξεν
622 2863 707 2905 οὐδ’
738 2864 904 2907 ἀπεῖπεν

371 2921 576 2978 πατρόθεν
606 2923 767 2966 εὐκταία
798 2925 922 2981 φάτις.

369 2980 516 3036 βουλαὶ
547 2981 736 3025 &erma-rm
770 2982 893 3026 Λαΐου
925 2984 1149 3043 διήρκεσαν.
