1858 3320
876 232 1167 273 ,32-

241 363 392 404 laritcr
433 361 559 412 dicta,
607 364 657 403 ut
695 359 805 404 ὅσιος
847 359 1109 414 adjectivum
1157 374 1251 402 cum
1291 361 1478 414 genitivo
1525 362 1785 417 conjunctum

239 419 297 476 (v.
332 418 455 476 944),
506 425 551 462 et
581 418 756 460 κίνδυνον
788 418 1029 472 ἀναβάλλειν
1060 433 1138 473 pro
1169 420 1329 461 usitata
1364 418 1581 463 locutione
1626 418 1783 462 κίνδυνο
1835 463 1836 466 ,

240 477 497 534 ἀναρρίπτειν
549 478 607 534 (v.
643 476 794 533 1012),
848 479 965 532 piior
1015 478 1155 520 nuntii
1213 479 1350 521 oratio
1401 479 1576 522 summis
1633 479 1786 523 11111οη
1855 473 1858 513 ῑ

240 538 583 587 difficultatibus,
624 551 734 592 quae
772 538 906 590 magis
938 541 1090 591 poetae
1128 537 1298 580 cuidam
1330 537 1446 580 haud
1476 539 1540 581 ita
1569 537 1696 582 docte
1726 538 1790 583 de
1845 553 1858 572 ¹

238 598 396 639 bentur
427 611 556 651 quam
588 597 857 638 librariorum
885 597 1089 639 incuriae.
1140 596 1209 639 Sic
1236 597 1513 640 offenderunt
1541 597 1792 653 intel-pretet
1815 598 1829 652 ἶ,

238 657 282 697 111
305 672 370 698 νν.
395 657 648 705 993-995ς
672 656 826 710 quibus
847 655 891 697 in
913 657 1102 698 versibus
1123 656 1394 699 librariorum
1410 657 1536 711 culpa
1556 660 1793 712 corruptum
1824 654 1831 704 ᾖ

240 720 304 757 031
342 717 518 768 στυγῶν,
561 716 650 770 jam
682 728 709 756 a
738 714 1023 757 Wakefieldio
1061 715 1338 758 emendatum
1360 716 1412 758 'in
1443 713 1617 768 στέγων,
1661 730 1795 772 neque
1818 719 1833 765 ⁰,

239 775 380 816 minus
426 778 673 828 corruptum
723 777 962 817 statuemus
1008 772 1052 814 ἐν
1085 773 1194 815 πόλει
1244 775 1279 816 si
1324 774 1499 829 quidem
1545 776 1837 831 conjungere

239 834 419 876 velimus
451 834 604 875 ceteris
636 847 732 876 cum
761 834 901 876 verbis
933 834 1079 888 qualia
1108 838 1208 876 sunt
1238 833 1412 876 tradita.
1475 833 1563 877 Sed
1583 834 1712 878 aliter
1740 838 1799 878 ecl
1827 836 1830 844 '

234 892 517 948 judicandum
564 892 618 935 de
665 894 828 935 ceteris.
907 892 1099 935 Primum
1146 893 1343 948 displicet
1383 891 1589 934 »θάνατον
1619 891 1801 936 emron

239 966 339 994 nam
371 966 422 993 ex
455 952 622 1006 legibus
663 953 966 1006 grammaticae
999 966 1179 1007 graecae
1216 952 1361 995 medio
1407 953 1676 1007 significatur
1695 967 1804 996 *cone
1824 936 1854 1002 ῙΫ

239 1012 379 1053 silium
401 1014 532 1066 atque
550 1011 748 1054 voluntas
762 1026 968 1066 personae
985 1013 1163 1066 agentis,
1187 1013 1245 1054 sic
1262 1016 1311 1054 ut
1347 1009 1552 1053 »θάνατον
1572 1010 1801 1068 αἱρεῖσθαι(

240 1071 295 1113 311
329 1074 537 1113 »1110110111
575 1070 792 1126 praeferre
831 1073 988 1114 vitae«.
1066 1071 1178 1121 Quid
1209 1075 1355 1114 autem
1385 1072 1466 1114 sibi
1496 1072 1601 1114 velit
1635 1071 1805 1115 »hostes
1829 1092 1840 1120 2,

240 1130 496 1185 propulsans
526 1130 571 1171 111
602 1131 737 1184 portis
783 1129 903 1186 (nam
954 1129 1023 1170 »ἐν
1061 1129 1224 1174 πύλαις(
1275 1130 1447 1173 videtur
1493 1131 1806 1187 conjiciendum
1830 1126 1855 1181 Ϊ

240 1204 319 1244 pro
341 1189 558 1232 vocabulis
584 1187 652 1229 »ἐν
675 1188 827 1246 πόλεας)
860 1193 1043 1232 mortem
1065 1190 1219 1232 maluit
1240 1204 1370 1244 quam
1390 1190 1548 1232 vitam«
1572 1190 1644 1233 vix
1664 1194 1808 1245 potest

239 1249 437 1303 intelligi.
511 1247 708 1303 Namque
747 1263 843 1291 cum
889 1248 1022 1291 fratre
1069 1262 1264 1304 pugnans
1301 1263 1378 1292 rex
1420 1249 1512 1305 jam
1548 1263 1636 1292 non
1664 1250 1808 1304 potuit
1835 1264 1843 1290 τ

242 1309 481 1351 deliberare
519 1312 666 1350 utrum
704 1308 836 1350 vitam
876 1309 1027 1350 mallet
1062 1322 1118 1350 an
1148 1312 1351 1351 mortem:
1399 1309 1530 1351 immo
1575 1308 1806 1352 dicendum

242 1372 335 1410 erat
371 1372 526 1422 poetae
572 1367 772 1410 cecidisse
809 1369 855 1410 in
885 1369 1019 1422 portis
1055 1382 1202 1422 regem
1232 1382 1310 1423 pro
1341 1369 1483 1423 patria.
1526 1372 1805 1423 pugnantem.
1845 1382 1852 1397 ·'

242 1427 364 1469 Hanc
411 1427 715 1469 difficultatem
750 1431 800 1469 ut
838 1428 1042 1470 tollerent
1079 1427 1214 1478 docti,
1263 1427 1549 1482 confugerunt
1579 1427 1636 1470 ad
1666 1431 1807 1470 artem
1852 1431 1853 1434 ’

243 1486 523 1538 emendandi,
579 1487 839 1541 praesertim,
881 1501 978 1529 cum
1024 1486 1230 1530 vidissent
1275 1491 1426 1542 postea
1469 1487 1516 1529 111
1558 1503 1598 1530 v.
1633 1487 1720 1530 995
1749 1486 1805 1530 de

241 1545 426 1589 Eteoclis
446 1549 585 1588 morte
618 1547 760 1600 aptius
792 1561 1032 1589 sermonem
1063 1561 1153 1589 esse
1183 1545 1398 1596 futurum3
1430 1545 1507 1588 sed
1538 1559 1692 1589 vanam
1714 1559 1807 1590 esse
1852 1547 1855 1554 ’

241 1605 554 1648 emendationis
577 1605 790 1648 medelam
811 1607 914 1648 satis
936 1620 1151 1661 superque
1174 1605 1363 1648 ostendit
1383 1606 1632 1661 conjectura
1646 1605 1804 1657 weilii,
1845 1606 1850 1619 ²

240 1666 314 1720 qui
360 1669 409 1707 ut
454 1666 704 1707 restitueret
756 1666 960 1708 orationis
1018 1665 1202 1709 formam
1247 1665 1448 1720 Aeschyli
1497 1665 1672 1719 ingenio
1716 1679 1804 1708 non
1846 1665 1858 1706 '1³

239 1724 474 1778 indignam,
508 1725 601 1766 loco
633 1725 938 1767 vacabulorum
975 1723 1180 1765 »θάνατον
1200 1722 1316 1765 εἵλετ’
1348 1722 1392 1764 ἐν
1415 1722 1549 1765 πόλεκ
1586 1724 1805 1767 liberrime
1850 1739 1858 1770 μ’

238 1784 488 1838 reponenda
520 1798 612 1826 esse
645 1785 779 1826 suasit
814 1782 1016 1840 »ὄλεθρον
1047 1782 1156 1839 ἐἶργε
1188 1785 1238 1839 τῇ
1272 1782 1420 1826 πόλεμε(
1492 1783 1599 1826 Mihi
1629 1783 1806 1838 quidem

240 1847 284 1886 et
305 1843 509 1895 medium,
542 1843 623 1886 hoc
654 1844 748 1886 loco
779 1857 866 1886 non
896 1847 1013 1886 recte
1035 1844 1234 1898 positum,
1267 1848 1312 1886 et
1343 1843 1522 1898 repetie,
1555 1857 1609 1886 ex
1631 1857 1719 1898 qua
1738 1843 1804 1886 bis

239 1903 397 1945 dieitur
429 1902 482 1945 de
514 1902 699 1945 Eteoclis
731 1907 888 1954 morte,
929 1906 1083 1958 poetae
1114 1902 1288 1945 indocto
1319 1903 1524 1946 videntur
1554 1916 1645 1945 esse
1674 1903 1804 1946 meri·

238 1962 393 2005 benda.
470 1961 644 2004 Etenim
689 1962 880 2005 medium
926 1961 1174 2004 defenditur
1218 1961 1312 2004 aliis
1348 1962 1434 2004 illis
1478 1962 1607 2018 hujus
1652 1975 1805 2004 scenae

238 2022 524 2064 locutionibus
569 2021 872 2075 singulafibus;
921 2021 1076 2064 deinde
1124 2021 1316 2078 ejusdem
1362 2023 1602 2064 sententiae
1649 2035 1805 2064 eorun-

240 2081 423 2136 demque
471 2082 700 2123 verborum
745 2085 842 2136 post
886 2082 1008 2136 parvi
1053 2082 1182 2136 spatii
1226 2081 1584 2124 intermissionem
1633 2081 1807 2123 iteratio

239 2141 407 2195 saepius
445 2141 650 2191 occurrit,
684 2141 745 2183 sic
774 2144 825 2183 ut
854 2141 936 2195 ipsi
966 2141 1132 2184 auctori
1171 2139 1321 2183 deberi
1350 2140 1562 2184 videatur.
1639 2139 1710 2183 Sic
1739 2141 1806 2182 in-
1856 2187 1857 2190 Ἴ

239 2204 418 2242 venuste
450 2200 588 2242 tribus
630 2200 675 2241 in
720 2201 911 2242 versibus
944 2198 1143 2256 (1011-
1158 2198 1291 2257 1013)
1322 2203 1391 2242 ter
1421 2200 1581 2254 legitur
1626 2200 1803 2242 verbum

239 2257 425 2308 θάπτειν,
465 2256 550 2315 (vv.
587 2259 699 2301 1011
732 2259 864 2302 habet
900 2257 1162 2308 συνθάπτειν,
1200 2275 1240 2301 v.
1278 2259 1390 2302 1012
1423 2256 1570 2314 θάψω,
1614 2274 1655 2302 v.
1690 2259 1803 2302 1013

239 2316 425 2375 19a'9bozo')‚
442 2318 584 2372 aptius
601 2322 747 2361 tamen
763 2319 820 2360 ad
835 2335 902 2362 vv.
921 2319 1154 2361 993—995
1172 2317 1474 2361 formationem
1489 2317 1807 2361 defendendam
1834 2350 1836 2353 .

239 2377 387 2419 afferri
417 2381 598 2432 possunt
626 2391 737 2432 quae
758 2378 905 2433 paullo
936 2377 1113 2421 inferius
1143 2378 1352 2433 leguntur
1370 2379 1416 2420 in
1436 2393 1504 2421 vv.
1527 2377 1805 2421 997-1003.

241 2436 413 2479 Etenim
444 2438 659 2479 neminem
690 2442 835 2492 potest
879 2437 1028 2492 fugere
1069 2451 1199 2492 quam
1228 2437 1401 2480 infirma
1430 2438 1518 2479 sint
1551 2435 1651 2482 »οὓς
1692 2434 1805 2493 (3011.
1837 2462 1840 2468 ‚

241 2493 376 2553 θεοὺς)
409 2494 607 2551 ἀτιμάσας·
635 2494 706 2536 ὅδε
737 2496 951 2552 στράτευμ’
984 2495 1156 2538 ἐπακτὸν
1187 2495 1377 2551 ἐμβαλὼν
1407 2491 1499 2552 ᾔρει
1530 2495 1666 2537 πόλιν(
1707 2499 1807 2551 post

241 2556 373 2597 verba
402 2555 637 2597 fortissima
663 2556 748 2600 »ὡς
765 2553 847 2596 ὄντ’
879 2554 1135 2613 ἀναστατῆςα
1163 2554 1372 2610 Καδμείων
1398 2553 1577 2613 χθονός(
1602 2553 1661 2611 (v.
1685 2553 1806 2612 999).

242 2613 364 2656 Idem
409 2615 624 2668 persensit
669 2615 851 2658 Weilius
897 2619 1156 2670 poetamque
1204 2616 1264 2657 sie
1310 2615 1479 2670 adjuvit
1514 2617 1565 2657 ut
1615 2629 1655 2658 v,
1690 2614 1805 2658 1003

241 2673 541 2727 interpolatori
595 2674 765 2716 cuidam
812 2675 999 2729 ascripto
1045 2675 1140 2717 loco
1187 2672 1258 2714 ὅδε
1310 2673 1557 2729 ponendum
1602 2672 1808 2716 suaderet
1845 2682 1849 2717 ἲ

243 2728 338 2788 ἔχει.
402 2732 488 2775 Sed
519 2747 671 2776 vereor
701 2749 755 2776 ne
787 2734 852 2776 vir
883 2734 1035 2776 doctus
1078 2734 1319 2776 turbaverit
1363 2737 1518 2788 poetae
1564 2732 1804 2776 consilium.

243 2790 353 2832 Nam
383 2795 614 2846 postquam
646 2797 749 2835 sunt
780 2792 896 2836 dicta
931 2791 1059 2846 »ἄγος
1091 2791 1138 2833 δὲ
1169 2792 1234 2832 καὶ
1261 2791 1403 2833 θανὼν
1439 2791 1675 2848 κεκτήσεται
1692 2789 1807 2832 θεῶν

245 2847 468 2904 πατρῴων,
509 2855 809 2905 exspectamus
846 2853 892 2893 in
925 2853 1147 2895 enuntiato
1185 2853 1366 2894 relativo
1406 2852 1461 2893 iri
1498 2864 1806 2894 commemora*

242 2911 336 2950 tum
367 2909 574 2963 quidnam
605 2910 679 2952 ille
711 2912 832 2953 vivus
865 2912 1127 2954 commiserit
1155 2912 1200 2953 in
1232 2912 1435 2965 patriam:
1474 2910 1555 2953 hoc
1585 2910 1806 2964 aptissime

243 2968 394 3022 subjici
440 2968 611 3012 videtur
647 2985 686 3011 v.
724 2970 856 3012 1003:
906 2970 1107 3026 στράτεςιί
1137 2968 1311 3010 ἐπακτὸν
1339 2968 1530 3024 ἐμβαλὼν
1557 2962 1649 3025 ᾔρει
1682 2966 1805 3010 πόλιν.
