1858 3320
693 205 983 246 ...23—

8 375 9 379 ,
63 350 110 379 es
142 349 238 378 cum
270 349 320 377 eo
351 333 612 383 malorum«;
679 331 882 372 »θέλουσα
921 329 1056 372 ἄκοντι
1087 331 1311 372 κοινωνεῖν«
1345 332 1524 386 jubetur
1555 345 1619 382 ea,

61 394 177 448 quod
207 394 326 449 virgo
357 394 452 449 ipsa
482 396 550 435 est
578 392 693 434 inter
733 392 871 443 vivos,
904 392 967 434 ita
995 394 1046 433 ut
1076 390 1191 445 quod
1222 389 1315 432 vult
1359 390 1493 446 possit
1521 403 1620 446 per—

0 467 5 506 f.
60 453 206 503 ficere,
255 452 478 508 Polynices
515 454 660 494 autem
691 454 885 492 mortuus
930 449 1150 492 voluntate
1184 449 1274 505 jam
1311 453 1440 492 caret.
1503 449 1622 492 Haec

0 527 3 555 τ
59 512 194 567 igitur
223 513 435 555 dicentem
450 511 708 565 Antigonam
729 510 782 552 de
814 523 979 551 summo
1001 509 1186 563 quodam
1212 508 1404 564 periculo
1432 509 1620 563 cogitare

0 594 4 607 ι
58 585 139 626 per
170 585 216 614 se
246 570 519 626 intelligitur:
567 583 707 623 neque
739 570 853 611 enim
884 568 970 610 alia
1000 581 1130 611 causa
1158 571 1305 623 pot-est
1333 568 1515 611 inveniri
1547 581 1622 610 cur

0 655 1 659 =
58 629 313 672 adhortetur
343 627 477 685 ψυχήν
506 632 556 670 ut
584 628 770 671 libenter
800 642 895 670 cum
929 627 1063 670 fratre
1084 626 1294 669 malorum
1315 627 1371 669 sit
1390 627 1620 682 particeps.

59 687 193 731 Porro
224 689 372 745 populi
403 688 596 731 Thebani
642 688 917 730 severitatem
953 686 1055 729 mihi
1102 687 1274 741 quidem
1320 699 1474 742 praeco
1513 686 1621 728 satis

45 748 300 802 ⁶significare
332 748 514 797 videtur,
547 762 643 789 cum
674 746 728 789 ab
748 746 967 800 Antigona
985 745 1170 801 amplius
1201 746 1491 788 contradicere
1513 745 1620 788 veti-

59 811 130 849 tus
161 808 436 862 respondeat·
490 804 668 862 »τραχύς-
693 820 738 857 re
755 803 893 860 μέντοι
923 803 1051 862 δῆμος·
1078 803 1266 860 ἐκφυγών
1299 804 1447 845 mxci«.
1509 803 1620 855 Quid

58 866 174 920 quod
203 866 333 908 etiam
365 865 480 908 chmi
508 866 593 907 dux
625 864 867 907 deliberans
898 868 1043 906 utrum
1069 867 1355 919 piosequatur
1375 862 1620 919 Polynicem

58 939 191 967 necne
228 925 414 980 primum
445 923 551 966 illud
582 924 739 978 rejicit,
787 923 903 977 quod
934 926 1101 965 metuat
1131 923 1368 978 periculum
1401 937 1427 965 a
1458 923 1619 966 civibus

56 984 302 1033 imminens3
333 996 517 1036 namque
538 982 619 1024 hoc
650 982 769 1025 dicit:
807 980 935 1021 »ἀλλὰ
957 980 1160 1036 φοβοῦμαι
1181 979 1304 1022 mia-0
1290 980 1481 1037 τρέπομαι
1501 979 1619 1036 δεῖμα

59 1041 270 1082 nohum«.
332 1042 450 1093 Quae
483 1055 579 1083 cum
608 1042 671 1083 ita
702 1041 801 1092 sint,
834 1055 912 1096 plo
941 1044 1058 1083 celto
1093 1044 1159 1083 est
1190 1042 1466 1084 statuendum
1497 1055 1617 1108 spec·

56 1105 219 1144 tatores
258 1105 303 1144 et
340 1102 391 1143 de
423 1099 624 1156 Polynice
670 1074 914 1155 sepeliendo
953 1103 997 1142 et
1034 1100 1087 1142 de
1118 1099 1359 1154 Antigonae
1398 1104 1515 1143 sorte
1551 1101 1617 1142 in-

56 1164 194 1203 certos
215 1164 347 1214 atque
379 1174 609 1215 suspensos
631 1160 684 1203 de
713 1159 884 1202 theatro
906 1159 1076 1202 dimitti.
1138 1158 1348 1213 Equidem
1375 1160 1617 1215 putaverim

55 1219 143 1262 tale
196 1220 298 1274 quid
351 1219 580 1262 abhorrere
632 1233 807 1275 prorsus
861 1219 915 1261 ab
968 1222 1060 1261 arte
1109 1218 1356 1261 dramatica.
1440 1218 1618 1262 Accedit

0 1317 1 1326 ,
56 1279 170 1334 quod
201 1283 331 1335 poeta
362 1279 501 1321 verbis
522 1279 802 1334 apertissimis
834 1277 936 1320 dicit
968 1277 1169 1333 Polynice
1198 1281 1242 1320 et
1263 1277 1437 1320 Eteocle
1467 1279 1616 1321 occisis

55 1338 216 1393 fugisse
250 1339 517 1381 daemonem:
551 1338 710 1380 etenim
742 1338 802 1380 sic
831 1341 987 1379 sonant
1017 1337 1135 1379 chori
1165 1352 1231 1380 vv.
1265 1338 1517 1381 931—933:

444 1396 584 1438 ἕστακε
615 1396 650 1438 δ’
676 1393 789 1445 Ἄτας
815 1397 1003 1452 τροπαῖον
1035 1395 1078 1438 ἐν
1108 1395 1257 1445 πύλαις,

444 1456 487 1498 ἐν
518 1455 582 1504 αἶς
609 1454 809 1498 ἐθείνοντο
840 1456 904 1497 καὶ

443 1514 552 1557 δυοῖν
578 1515 780 1573 κρατήσας
807 1513 922 1573 ἔληξε
952 1513 1117 1571 &aestima

55 1575 194 1626 Quid?
240 1579 502 1631 spectatores
548 1589 700 1618 revera
744 1574 905 1629 fugisse
953 1575 1204 1617 daemonem
1245 1573 1450 1618 fratribus
1487 1575 1615 1618 caede

55 1639 206 1677 mutua
249 1635 488 1690 absumptis
535 1635 708 1677 credere
754 1637 1004 1690 potuerunt,
1058 1634 1261 1677 timentes
1308 1649 1361 1676 ne
1401 1634 1617 1689 Antigona

54 1697 301 1736 senatorum
335 1695 454 1749 jussu
485 1697 728 1750 contempto
766 1707 978 1736 summum
1022 1693 1231 1736 incideret
1260 1694 1305 1736 in
1340 1692 1613 1749 supplicium!

54 1752 111 1795 Et
141 1756 207 1795 est
237 1753 664 1796 animadvertendum
693 1752 952 1808 Aeschylum
983 1756 1032 1794 ut
1062 1757 1254 1796 servaret
1284 1752 1403 1795 illam
1431 1753 1483 1796 de
1513 1753 1614 1796 dae-

52 1812 190 1854 monis
235 1811 337 1867 fuga
382 1812 616 1862 fictionem,
671 1816 820 1856 nostra
866 1812 910 1854 in
956 1812 1180 1867 tragoedia
1224 1826 1400 1867 prorsus
1446 1812 1615 1855 silentio

53 1872 258 1927 pressisse
305 1871 495 1914 fabulam
543 1886 653 1926 quae
706 1875 908 1913 narratur
956 1872 1007 1914 de
1044 1870 1263 1927 Epigonis.
1346 1871 1439 1914 Hac
1484 1872 1530 1914 in
1568 1886 1615 1915 re

51 1931 257 1985 insequor
294 1930 621 1974 Schneidewinii
658 1931 994 1986 disputationem
1045 1945 1175 1985 quam
1214 1931 1347 1974 edidit
1383 1931 1428 1973 in
1461 1930 1612 1973 Philol.

53 1989 134 2032 vol.
167 1989 244 2032 111.
328 1990 490 2045 Aperte
535 1990 693 2033 fratres
739 1989 886 2032 liberis
933 2003 1078 2032 carere
1126 1990 1326 2033 dicuntur
1371 2005 1456 2033 uno
1502 1991 1612 2034 loco:

52 2063 237 2104 namque
269 2053 498 2104 postquam
519 2050 622 2092 urbs
653 2050 708 2092 ab
728 2049 918 2092 hostium
947 2049 1113 2105 impetu
1145 2053 1212 2092 est
1239 2049 1427 2102 defensa,
1459 2049 1615 2093 fratres

51 2112 198 2151 autem
228 2108 342 2151 iuter
372 2123 466 2152 sese
506 2109 771 2160 occiderunt,
821 2108 938 2151 chori
970 2109 1056 2151 dux
1087 2109 1280 2152 versibus
1326 2110 1614 2165 anapaesticis

52 2172 177 2211 utens
206 2181 351 2210 secum
373 2168 505 2211 volvit
537 2172 682 2211 utrum
713 2182 809 2210 cum
840 2168 986 2211 amicis
1017 2172 1196 2224 propter
1227 2169 1377 2212 urbem
1400 2173 1614 2212 servatam

52 2227 319 2270 concelebret
340 2228 440 2270 deos
461 2241 516 2270 an
538 2228 680 2283 potius
700 2227 849 2282 lugeat
868 2229 1044 2271 miseros
1066 2241 1190 2282 reges
1212 2226 1397 2273 ἐτέκνους
1414 2226 1473 2286 (v.
1492 2227 1612 2285 810).

50 2286 172 2336 Quod
203 2286 455 2329 vocabulum
488 2291 532 2329 et
563 2286 663 2329 olim
695 2286 929 2330 scholiasta
968 2302 1063 2330 cum
1094 2287 1267 2331 aliunde
1303 2288 1484 2331 haberet
1515 2302 1612 2343 cog—

50 2346 189 2388 nitum
220 2346 351 2388 fuisse
382 2346 467 2388 illis
500 2346 675 2396 liberos,
710 2347 817 2389 miro
849 2361 945 2389 cum
977 2347 1158 2390 artificio
1196 2351 1263 2390 est
1300 2348 1613 2404 interpretatus

54 2402 143 2445 »ἐπι
187 2406 302 2460 κακῷ
352 2403 571 2462 τεχθέντα,-
573 2421 591 2443 α
649 2410 693 2448 et
739 2406 997 2449 recentiores
1050 2411 1298 2462 corruptum
1349 2410 1612 2450 statuerunt.

51 2463 135 2507 Sed
167 2463 410 2507 defenditur
440 2469 570 2519 atque
602 2465 795 2507 munitur
826 2465 1078 2508 vocabulum
1109 2466 1281 2508 fictione
1313 2466 1368 2509 ab
1401 2465 1613 2521 Aeschylo

50 2526 186 2565 totam
232 2538 311 2579 per
355 2524 543 2567 fabulam
589 2528 771 2567 servata.
849 2524 1044 2579 Namque
1083 2540 1170 2568 nou
1209 2539 1293 2568 uno
1332 2525 1425 2568 loco
1457 2526 1614 2569 dicitur

51 2581 202 2638 Oedipi
220 2597 352 2637 genus
372 2597 548 2639 prorsus
569 2584 784 2638 exstingui
801 2587 951 2626 mutua
967 2583 1099 2628 caede
1117 2584 1300 2628 Eteoclis
1323 2589 1366 2627 et
1383 2583 1610 2640 Polynicis.

51 2641 118 2683 Sic
150 2655 225 2684 rex
262 2642 354 2697 ipse
390 2643 433 2684 in
466 2642 675 2697 proelium
715 2643 910 2686 abiturus
947 2644 1175 2699 profitetur
1217 2643 1260 2686 in
1300 2660 1365 2686 vv.
1400 2644 1485 2687 672
1517 2658 1609 2700 sqq.

50 2714 143 2743 esse
176 2701 414 2756 periculum
447 2716 500 2745 ne
532 2706 684 2757 pereat
720 2706 857 2745 totum
890 2702 982 2745 Laii
1015 2717 1147 2757 genus
1178 2702 1366 2759 Apollini
1412 2704 1608 2747 invisum.

50 2758 198 2815 Neque
238 2760 377 2802 minus
413 2760 564 2804 chorus
599 2761 780 2804 fratrum
813 2762 941 2805 caede
975 2761 1127 2817 Oedipi
1168 2776 1300 2817 genus
1338 2763 1609 2831 absumptum

50 2833 139 2862 csse
191 2820 422 2873 significat,
475 2834 572 2863 cum
619 2821 732 2863 dicat
789 2820 939 2863 Furias
994 2836 1135 2865 acrem
1183 2826 1355 2865 cantum
1407 2823 1609 2865 cecinisse

54 2877 354 2933 »τετραμμένου
402 2877 620 2935 παντρόπῳ
669 2881 777 2935 φογᾶ
825 2878 985 2932 γένυος(
1037 2879 1095 2936 (v.
1136 2879 1255 2938 930).
1334 2880 1467 2923 Porro
1514 2896 1611 2925 mea

49 2938 221 2991 quidem
258 2939 474 2982 sententia
512 2939 643 2982 verba
674 2954 783 2994 quae
815 2944 918 2983 suut
947 2941 990 2983 in
1025 2956 1089 2983 vv.
1124 2941 1206 2984 871
1241 2955 1332 2996 sqq.
1387 2955 1472 2983 non
1506 2942 1609 2984 satis
