1858 3320
740 203 1032 246 ..37-

55 338 70 362 ²
104 348 199 377 sese
230 334 501 376 detecturum
534 347 628 376 esse
659 337 790 387 negat
821 333 904 375 nisi
935 333 1108 388 Jupiter
1139 347 1185 375 se
1221 333 1402 375 vinculis
1422 332 1674 376 liberaverit

67 390 73 440 ᾗ
103 394 374 448 liberatoque
394 407 579 448 poenam
611 392 804 442 dederit;
836 396 990 448 postea
1011 396 1155 435 autem
1180 392 1355 448 subjicit
1377 406 1474 434 eum
1498 391 1672 447 quando
1711 397 1714 399 ’

100 453 341 509 petiturum
378 467 472 495 esse
511 466 633 494 suam
671 451 906 494 amicitiam
949 455 1081 506 atque
1127 452 1391 494 societatem.
1462 451 1582 494 Haec
1627 452 1672 493 in

69 535 75 540 <
100 528 167 555 vv.
205 513 436 554 1922-195
468 526 547 568 pro
569 512 697 554 certis
718 510 888 566 prolata
916 512 1022 553 satis
1055 525 1271 567 superque
1302 510 1542 554 ostendunt
1574 525 1672 553 eum

69 566 258 619 ,fhabere
295 586 550 627 persuasum
589 571 768 614 deorum
799 571 1038 626 principem
1077 570 1250 626 quando
1283 570 1365 613 sibi
1397 584 1491 613 esse
1522 583 1672 612 recon-

56 630 65 684 j
100 631 345 674 ciliaturum
377 645 503 673 suum
535 631 672 686 ipsius
704 631 906 672 animum.
965 629 1135 672 Deinde
1156 633 1313 686 petunt
1334 630 1388 672 ab
1412 644 1462 672 eo
1483 628 1672 684 virgines

54 705 66 746 5
100 694 146 733 et
175 690 262 732 alia
294 694 339 732 et
369 694 418 732 ut
449 691 594 733 omnia
625 690 812 745 aperiat;
845 689 962 744 quod
993 690 1099 744 quin
1128 690 1347 745 pertineat
1367 689 1424 731 ad
1445 689 1672 732 obscuram

98 750 217 792 illam
257 749 503 792 Promethei
539 749 906 805 praesagitionem
947 749 1020 792 vix
1058 752 1125 792 est
1164 749 1358 792 dubium.
1434 749 1672 803 Postquam

99 813 245 852 autem
298 809 499 865 exposuit
549 809 918 863 interrogantibus
971 822 1102 864 quam
1154 807 1208 851 ob
1261 822 1354 851 rem
1405 809 1503 864 rupi
1555 811 1672 850 esset

55 918 58 919 ⁷
98 869 267 919 affixus,
302 869 442 911 denuo
475 868 535 910 de·
561 869 653 924 ejus
684 868 941 911 liberatione
963 868 1231 923 interrogare
1252 871 1459 924 pergunt;
1491 882 1671 924 respon-

53 966 56 971 .
99 928 175 970 det
210 928 282 970 ille
323 927 519 971 dolorum
556 928 686 970 finem
725 942 812 970 non
845 942 939 970 esse
970 927 1164 979 futurum
1202 927 1288 969 nisi
1325 927 1411 983 ipsi
1448 927 1547 970 Jovi
1577 926 1671 982 pla-

25 1007 65 1038 .,;
97 989 245 1030 cuerit.
310 987 511 1041 Virgines
543 991 689 1030 tamen
720 986 797 1030 hos
832 987 1040 1043 objiciunt
1070 1001 1220 1030 versus
1252 985 1549 1043 (262-165):

27 1054 42 1070 “
411 1045 519 1092 δόξει
550 1046 596 1088 δὲ
628 1049 731 1096 πῶς;
762 1045 818 1095 τίς
844 1045 968 1096 ἐλπίς,·
999 1045 1076 1118 συ]
1106 1047 1212 1103 ὁσᾷς
1239 1046 1297 1087 ὅτι

411 1106 602 1163 ἧμαρτες;
636 1106 695 1155 ὡς
722 1105 757 1147 δ’
789 1105 967 1164 ἥμαρτες
994 1106 1075 1147 001³
1107 1105 1194 1162 ἐμοὶ
1224 1104 1349 1159 λέγειν

411 1165 503 1207 m’effl
536 1165 685 1223 ἡδονὴν
717 1165 783 1207 σοι’
810 1166 841 1206 τ’
864 1165 992 1220 ἄλγος.
1023 1164 1124 1206 ἀλλὰ
1156 1166 1281 1206 ταῦτα
1307 1165 1384 1222 μὲν

405 1224 613 1281 μεθῶμεν,
647 1221 776 1266 ἄθλου
808 1225 843 1266 δ’
876 1223 1025 1266 ἔκλυσιν
1057 1225 1162 1282 ζήτει
1192 1224 1286 1266 τινά.

96 1285 211 1336 Quos
243 1285 299 1327 ad
333 1300 481 1327 versus
514 1285 798 1328 Prometheus
830 1285 875 1327 in
908 1285 1102 1328 oratione
1132 1283 1415 1339 subsequenti
1436 1283 1672 1340 respondet

41 1395 44 1399 .
96 1345 431 1387 accuratissime.
484 1345 678 1387 Primum
710 1345 852 1388 verbis
884 1344 1089 1387 extremis
1118 1343 1267 1400 objicit
1296 1343 1492 1387 homines
1524 1343 1670 1386 felices

50 1452 52 1454 .
95 1404 298 1447 facillime
331 1419 458 1460 posse
493 1418 666 1447 monere
699 1405 900 1455 miseros3
931 1405 1062 1447 verbo
1094 1407 1241 1446 tamen
1265 1403 1473 1460 παραινεῖν
1503 1403 1671 1446 addens

95 1464 281 1507 alterum
324 1462 582 1504 »νουθετεῖπ
625 1464 666 1506 h.
708 1479 744 1507 e.
783 1463 1151 1521 »reprehendere«
1200 1462 1386 1506 reflectit
1430 1463 1671 1506 orationem

95 1523 151 1566 ad
189 1524 318 1567 verba
356 1524 564 1579 proxima,
599 1538 710 1579 quae
743 1527 845 1566 sunt
886 1521 987 1580 »οὐχ
1017 1521 1123 1579 ὁρᾷς
1139 1521 1200 1564 ὅτι
1220 1521 1452 1580 ἧμαρτες<ις
1483 1536 1671 1578 namque

43 1615 44 1618 η
95 1584 159 1625 ait
188 1583 233 1626 in
266 1584 632 1638 subsequentibus
670 1583 715 1625 in
753 1598 848 1627 sese
886 1597 972 1626 non
1011 1583 1165 1626 cadere
1195 1582 1304 1625 illud
1337 1580 1582 1638 ἁμαρτάνειν
1616 1610 1667 1615 -

44 1659 49 1663 ’
100 1657 185 1698 quo
231 1643 362 1685 verbo
401 1642 671 1697 significatur
721 1643 852 1698 »quid
900 1642 1169 1685 committere
1215 1641 1561 1685 inconsiderate«
1614 1670 1667 1674 —

98 1707 230 1757 atque
271 1702 381 1744 hanc
418 1702 594 1758 subjicit
631 1717 806 1745 causam
849 1716 971 1746 »sese
1010 1702 1186 1745 scivisse
1235 1701 1431 1752 ommam
1478 1715 1579 1744 nam
1626 1705 1672 1744 et

99 1766 216 1804 certo
263 1761 450 1816 quodam
499 1761 676 1805 consilio
724 1762 915 1814 ductum,
962 1761 1125 1805 scilicet
1170 1765 1220 1804 ut
1265 1761 1462 1805 homines
1497 1762 1672 1817 juvaret

98 1821 380 1873 miserandos
414 1836 508 1864 sese
540 1835 740 1876 peccasse
772 1823 835 1864 ait
866 1826 910 1864 et
941 1822 1023 1864 sibi
1051 1821 1183 1864 fuisse
1211 1834 1468 1877 persuasum
1490 1834 1585 1863 sese
1618 1835 1671 1864 ex

99 1881 316 1924 beneficiis
362 1895 388 1923 a
432 1881 552 1933 Jove,
601 1896 646 1924 se
679 1882 771 1937 ipso
810 1882 1044 1937 superiore,
1085 1881 1255 1924 dolores
1295 1895 1389 1924 esse
1427 1884 1667 1937 capturum.

99 1940 192 1982 Hae
225 1940 336 1983 duae
368 1941 643 1997 potissimum
673 1956 742 1984 res
775 1941 880 1983 mihi
912 1940 1147 1995 significari
1183 1940 1420 1983 vindentur
1449 1939 1670 1983 vocabulis

103 1999 246 2040 »ταῦθ’
283 1999 484 2041 dmum«.
548 2000 783 2044 Sedtamen
831 2015 1095 2056 quamquam
1132 2014 1294 2056 poenas
1335 2001 1381 2042 in
1419 1999 1671 2043 universum

98 2059 358 2115 praeciebat,
391 2075 478 2103 non
509 2064 760 2116 speraverat
790 2064 1017 2116 tantopere
1051 2075 1145 2104 sese
1176 2061 1229 2102 iri
1249 2062 1452 2103 vexatum
1486 2063 1670 2115 quanto-

97 2133 200 2174 pere
232 2134 384 2162 revera
414 2124 644 2163 vexaretur
681 2118 767 2177 (vv.
791 2118 1061 2176 271—273).
1114 2119 1233 2170 Quae
1261 2119 1508 2162 Promethei
1538 2120 1672 2162 verba

98 2179 340 2222 Kolischius
377 2194 450 2235 pp.
486 2180 524 2231 1,
558 2181 583 2222 2
632 2180 815 2235 vestigio
848 2193 994 2222 carere
1023 2179 1235 2236 judicavit
1271 2178 1387 2234 quod
1419 2178 1672 2222 ostenderet

98 2252 197 2281 eum
235 2238 364 2282 sortis
400 2239 573 2282 futurae
611 2240 868 2295 praescium.
940 2239 1059 2282 Haec
1097 2238 1283 2282 concedo
1315 2238 1565 2293 interpreti3
1604 2242 1670 2281 at-

98 2302 243 2341 tamen
282 2313 433 2342 vereor
469 2313 524 2342 ne
562 2299 835 2342 manaverint
872 2313 1024 2342 versus
1058 2314 1080 2341 e
1114 2312 1283 2341 summa
1314 2297 1510 2341 dolorum
1542 2297 1670 2340 vehe-

98 2358 275 2400 mentia.
339 2358 515 2401 Accedit
546 2358 663 2413 quod
695 2358 875 2401 dubium
908 2373 1002 2401 esse
1035 2373 1120 2401 non
1152 2361 1297 2414 potest
1330 2357 1434 2412 quin
1455 2357 1501 2399 in
1522 2357 1669 2414 proxi-

98 2418 180 2459 mis
197 2418 339 2460 verbis
356 2418 638 2461 Prometheus
655 2418 869 2473 significet
891 2433 1037 2461 rerum
1058 2418 1302 2460 futurarum
1319 2417 1668 2473 praescientiam:

93 2476 219 2532 jubet
251 2477 365 2520 enim
396 2478 586 2532 virgines
625 2493 648 2521 e
681 2492 808 2521 curru
840 2478 884 2519 in
924 2478 1185 2521 orchestram
1218 2476 1404 2533 prodire,
1439 2480 1488 2518 ut
1518 2490 1545 2518 a
1576 2490 1670 2519 sese

97 2536 280 2579 audiant
319 2536 419 2581 »τὰς
444 2536 756 2593 προσερπούσας·
787 2535 959 2594 τύχας-«ς
1003 2551 1127 2592 quae,
1169 2537 1372 2591 quoniam
1403 2539 1542 2579 totam
1574 2549 1670 2579 ora-

59 2646 63 2650 ·
98 2596 259 2638 tionem
307 2596 363 2638 ad
410 2596 506 2639 illos
554 2597 675 2639 chori
719 2597 839 2639 ducis
885 2610 1036 2639 versus
1082 2596 1312 2639 formatam
1351 2609 1445 2638 esse
1485 2595 1669 2647 ostendi,

96 2657 318 2711 pertinent
363 2655 456 2698 sine
503 2655 634 2699 dubio
682 2656 737 2698 ad
784 2655 993 2699 vocubala
1035 2654 1171 2702 »δόξει
1202 2653 1247 2695 δὲ
1282 2656 1388 2704 πῶς
1430 2652 1486 2699 τίς
1513 2653 1666 2705 &sini-53«

98 2714 194 2757 dico
225 2729 299 2758 eas
331 2715 386 2757 ad
419 2716 782 2770 interrogationes
815 2729 923 2770 quas
955 2719 1183 2759 moverunt
1214 2714 1404 2770 virgines
1437 2713 1492 2758 de
1523 2714 1671 2757 futura

97 2774 343 2818 Promethei
375 2774 645 2818 liberatione.

216 2833 382 2877 Deinde
414 2834 597 2877 offendit
628 2834 889 2877 Kolischium
921 2849 962 2889 p.
987 2836 1012 2877 8
1046 2834 1161 2889 quod
1194 2833 1390 2877 Oceanus
1422 2832 1529 2876 nihil
1553 2847 1668 2876 com-

97 2892 279 2948 perisset
309 2893 363 2936 de
397 2894 543 2948 generi
582 2892 665 2950 (vv.
691 2894 946 2949 552-553)
979 2894 1196 2937 vaticinio.
1261 2892 1347 2936 Sed
1378 2893 1534 2936 nititur
1563 2892 1669 2936 haec

98 2967 166 2995 res
213 2954 363 2997 eadem
402 2968 534 2997 causa
565 2958 695 3009 atque
728 2953 920 3006 Roboris,
953 2954 1149 3005 Vulcani,
1184 2953 1449 2996 Oceanidum
1482 2952 1666 2996 inscitia.
