1858 3320
895 237 1180 281 Μ10.

256 369 477 423 0ppositos
518 368 702 423 ideoque
739 367 966 422 ignorabat
1005 382 1213 422 quosnam
1252 368 1383 411 duces
1415 383 1489 411 rex
1522 369 1735 425 elegisset,
1774 370 1817 413 in

257 428 374 470 exitu
407 428 569 483 primae
601 428 807 470 orationis
838 431 939 482 apte
971 428 1032 469 sic
1061 432 1206 483 potest
1236 428 1499 483 percontari:

541 486 609 528 τίν’
640 485 853 534 ἀντιτάξεις
879 485 1008 540 reme,-
1039 485 1095 535 τίς
1123 485 1296 543 Προίτου
1329 487 1462 529 πυλῶν

539 542 727 604 κλῄθρων
756 544 958 587 λυθέντων
990 548 1222 602 προστατεῖν
1252 546 1491 604 φερέγγυοςς

256 605 375 648 Ilaec
420 605 476 647 ad
523 606 662 648 nuntii
709 605 841 648 verba
887 606 1205 648 accuratissime
1250 606 1423 649 formati
1469 609 1571 649 sunt
1606 607 1721 662 regis
1751 621 1819 652 vv,

256 666 509 708 378—379:
558 663 752 706 futurum
782 665 915 719 igitur
945 668 1115 721 tempus
1160 666 1347 721 positum
1385 680 1479 709 esse
1521 665 1694 709 videtur
1723 678 1819 709 cum

258 723 447 766 consilio.
510 724 688 766 Accedit
735 723 851 779 quod
897 727 1068 780 tempus
1114 724 1225 767 hanc
1269 725 1402 768 habet
1438 724 1732 768 defensionem
1770 728 1820 768 ut

253 783 382 826 liceat
429 782 552 825 nobis
604 798 715 825 »non
753 783 809 826 ad
846 787 995 839 portas
1033 798 1181 827 velum
1220 784 1276 826 ad
1313 785 1452 840 ipsam
1483 784 1820 828 decertationem

254 842 428 894 referre,
464 843 587 897 quasi
619 842 814 886 Eteocles
847 843 978 886 dicat:
1013 844 1069 886 ad
1101 847 1270 900 portam
1299 858 1393 887 eam
1415 843 1617 887 collocavi
1649 847 1693 887 et
1722 857 1819 889 cum

254 903 336 943 isto
383 902 647 944 committam
693 903 761 946 vel
808 903 1157 957 congredientem
1202 903 1382 946 faciam«
1432 901 1536 959 (vid.
1567 902 1820 947 Buecheleri

254 961 364 1017 disp.
397 961 506 1004 Mus.
540 959 675 1005 Rhen.
708 962 791 1005 vol.
827 961 919 1005 XV.
951 978 992 1019 p.
1022 961 1143 1019 305).
1213 963 1414 1006 Ceterum
1456 962 1582 1005 ducis
1623 963 1821 1006 electioni

249 1022 338 1077 jam
376 1025 506 1063 antea
535 1021 674 1064 factae
706 1036 782 1065 rex
813 1036 899 1064 uno
931 1022 1022 1065 loco
1055 1023 1234 1078 opponit
1264 1022 1406 1065 verbis
1428 1023 1711 1079 apertissimis
1741 1021 1819 1066 de-

253 1082 533 1123 certationem
570 1080 777 1124 futuram:
817 1095 917 1124 nam
954 1083 999 1124 in
1039 1086 1194 1136 quarta
1232 1083 1426 1125 oratione
1463 1081 1650 1138 primum
1688 1082 1819 1137 signi·-

252 1141 353 1182 ficat
380 1140 650 1196 Hyper-bium
676 1141 768 1196 jam
799 1145 929 1184 autea
961 1141 1225 1184 destinatum
1257 1155 1351 1184 esse
1383 1141 1439 1184 ad
1469 1141 1688 1184 Minervae
1717 1155 1818 1197 por—

253 1203 343 1241 tam
375 1199 711 1251 defendendam
750 1201 907 1244 deinde
947 1201 1001 1244 de
1039 1201 1209 1243 duobus
1246 1201 1505 1244 adversariis
1539 1200 1646 1244 haec
1676 1201 1819 1244 dicere

251 1260 414 1315 pergit:
1231 1291 1237 1296 ·

537 1317 692 1377 ἐχθρὸς
718 1319 796 1377 γὰρ
830 1319 932 1378 ἀνὴρ
964 1319 1082 1376 ἀνδρὶ
1113 1322 1174 1375 τῷ
1202 1318 1445 1377 ξυστήσεται,

538 1377 759 1424 ξυνοίσετον
790 1379 836 1421 δὲ
868 1379 1077 1435 πολεμίους
1103 1378 1164 1420 ἐπ’
1196 1379 1387 1422 ἀσπίδιον.

251 1437 302 1479 In
341 1437 519 1480 alterius
557 1453 685 1495 porro
723 1440 930 1482 orationis
970 1438 1162 1482 clausula
1205 1454 1315 1495 quae
1353 1441 1413 1483 sic
1457 1443 1584 1483 sonat
1627 1439 1671 1481 in
1707 1437 1820 1482 libro

250 1497 487 1541 Medicaeo:

536 1558 680 1614 τοιῷδε
712 1559 816 1615 φωτὶ
847 1558 983 1615 πέμπε·
1014 1558 1069 1608 τίς
1097 1558 1326 1616 ξυστήσεται
1334 1575 1348 1609 ,·

537 1616 593 1666 τίς
620 1617 752 1675 ἄνδρα
782 1618 1029 1675 κομπάζοντα
1054 1618 1114 1677 μὴ
1145 1618 1291 1676 τρέσας
1311 1617 1423 1675 μένει
1429 1634 1444 1668 ,·

251 1677 533 1731 interrogatio
565 1678 717 1720 eadem
748 1679 890 1721 nuntii
910 1679 1136 1721 inscientia
1157 1678 1310 1720 nititur
1331 1682 1462 1733 atque
1483 1678 1639 1733 prioris
1659 1678 1818 1720 oratio-

250 1737 317 1778 nis
339 1736 547 1779 vocabula
579 1736 673 1777 »τίν’
695 1736 973 1790 ἅντιτάξειςς<<,
1012 1742 1183 1794 tempus
1211 1742 1357 1780 autem
1380 1737 1574 1780 futurum
1600 1736 1819 1794 »ξυστήσε-

253 1809 339 1836 τακ(
377 1799 544 1851 spectat
574 1801 624 1839 ut
654 1797 801 1840 futura
833 1798 886 1840 de
919 1797 1076 1852 quibus
1108 1797 1235 1840 modo
1258 1798 1346 1840 dixi
1377 1797 1434 1839 ad
1469 1797 1608 1853 ipsam
1628 1810 1819 1852 pugnam

252 1856 559 1899 imminentem.
626 1856 712 1899 Sed
752 1855 882 1912 πέμπε
917 1858 1172 1914 imperativo
1209 1858 1416 1913 temporis
1454 1857 1695 1912 praesentis
1732 1870 1819 1898 non

250 1915 352 1957 licet
398 1915 523 1958 nobis
571 1917 631 1959 sic
677 1916 811 1969 abuti,
860 1921 910 1959 ut
946 1918 1038 1973 ipse
1070 1917 1297 1960 Richterus
1330 1920 1397 1959 est
1427 1916 1609 1959 abusus:
1659 1916 1819 1959 etenim

253 1978 432 2030 propter
461 1976 603 2032 ipsum
633 1976 755 2018 illum
785 1978 1088 2032 imperativum
1119 1991 1268 2019 versus
1290 1977 1427 2030 magis
1447 1990 1475 2018 a
1493 1979 1624 2031 poeta
1644 1975 1818 2019 indocto

251 2034 465 2090 profectos
499 2050 592 2078 esse
619 2036 788 2091 judicat
817 2052 859 2092 p.
896 2037 952 2079 38
985 2050 1115 2091 quam
1135 2036 1411 2078 librariorum
1433 2035 1559 2091 culpa
1579 2039 1816 2091 corruptos.

250 2094 356 2136 Mihi
388 2095 563 2149 quidem
595 2099 740 2138 cetera
784 2095 917 2139 verba
953 2100 1043 2138 tam
1082 2099 1182 2152 apte
1219 2096 1421 2139 videntur
1468 2109 1562 2138 esse
1609 2094 1726 2138 dicta
1768 2099 1820 2137 ut

251 2155 552 2210 imperaturum
569 2154 703 2208 illum,
737 2170 804 2198 me
833 2155 977 2212 judice
1009 2155 1127 2198 nullo
1159 2156 1286 2198 modo
1319 2155 1545 2198 defensum
1575 2155 1817 2198 sententiae
1856 2181 1858 2201 ι

251 2213 519 2267 formatione,
569 2216 651 2271 ipsi
689 2219 843 2271 poetae
874 2215 1007 2258 tribui
1043 2229 1170 2272 posse
1201 2229 1372 2270 negem:
1422 2219 1489 2258 est
1517 2215 1661 2270 potius
1692 2228 1817 2270 repo-

252 2273 442 2316 nendum
473 2274 566 2316 loco
603 2273 784 2329 >>πέμπε<<
821 2273 940 2318 aliud
972 2274 1151 2318 verbum
1199 2275 1308 2330 (sive
1340 2273 1471 2330 φράζε
1504 2274 1594 2316 sive
1624 2270 1725 2330 εἰπέ)
1764 2287 1818 2316 ex

254 2347 338 2387 quo
384 2334 575 2388 pendeat
621 2335 901 2389 interrogatio
950 2334 1232 2389 subsequens.
1295 2334 1362 2376 Ad
1402 2337 1641 2377 extremum
1671 2337 1819 2376 antem

252 2393 393 2435 nuntii
423 2408 597 2437 versum
618 2409 694 2436 rex
717 2409 839 2436 suam
860 2396 1099 2437 orationem
1121 2394 1351 2437 adnectere
1371 2393 1544 2436 videtur
1564 2406 1661 2436 cum
1682 2392 1815 2435 dicat:

538 2454 601 2494 καὶ
633 2453 740 2510 τῷδε
771 2453 903 2510 κέρδει
933 2452 1076 2511 κέρδος
1106 2452 1201 2494 ἄλλο
1232 2453 1404 2495 τίκτεται.
1832 2468 1836 2469 ’

253 2511 392 2566 Hujus
426 2514 639 2556 enuntiati
672 2515 723 2556 de
747 2528 876 2556 sensu
897 2528 1012 2556 nunc
1039 2528 1125 2555 non
1148 2513 1391 2555 dubitatur:
1426 2512 1586 2555 etenim
1615 2515 1666 2554 ut
1687 2525 1819 2567 supra

251 2585 328 2613 rex
365 2572 617 2615 ostenderat
646 2573 780 2628 Tydei
818 2571 971 2627 κόμπον
1002 2574 1042 2616 ei
1071 2574 1155 2629 ipsi
1190 2572 1314 2615 facile
1354 2572 1549 2614 futurum
1588 2585 1683 2614 esse
1718 2584 1817 2626 per-

251 2631 459 2673 niciosum
503 2630 587 2688 (VV.
607 2634 692 2675 385
727 2630 862 2690 sqq.)‚
910 2634 971 2675 sic
1009 2633 1139 2676 etiam
1176 2632 1263 2688 (καὶ
1295 2659 1349 2664 -
1382 2630 1502 2686 ἄλλο)
1539 2645 1592 2673 ex
1629 2630 1819 2687 Capanei

247 2690 460 2745 jactantia
496 2691 710 2735 Thebanis
760 2692 929 2735 utilitas
978 2693 1082 2734 oriri
1127 2692 1294 2734 dicitur.
1379 2691 1466 2734 Sed
1501 2691 1725 2746 quaeritur
1762 2686 1818 2732 de
1845 2697 1854 2707 '

252 2750 478 2805 scriptura.
541 2750 714 2794 Etenim
744 2756 888 2795 movet
920 2753 1206 2808 suspicionem
1238 2751 1408 2793 dativus
1440 2747 1594 2805 κέρδει,
1626 2749 1703 2805 qni
1732 2763 1818 2791 non

253 2810 482 2863 exponitur
517 2811 599 2853 nisi
645 2826 742 2853 cum
787 2811 988 2854 artificio:
1036 2826 1137 2854 nam
1190 2809 1383 2867 »κέρδοςιι
1434 2809 1592 2852 dicitur
1629 2808 1837 2865 Capanei

253 2866 419 2921 κόμπος,
465 2870 582 2924 quod
621 2871 760 2925 injicit
804 2871 1000 2913 hostibus
1047 2875 1276 2921 terrorem;
1323 2883 1435 2925 quae
1467 2868 1721 2923 significatio
1753 2870 1820 2910 est
1849 2876 1858 2922 ζ

253 2927 464 2970 sumenda
485 2943 538 2971 ex
558 2930 700 2972 nuntii
720 2945 848 2973 versu
863 2931 1059 2986 proximo
1087 2928 1171 2974 »τίς
1184 2927 1315 2985 ἄνδρα
1330 2926 1583 2983 κομπάζοντα
1593 2926 1653 2985 μὴ
1673 2925 1820 2983 τρέσας
1855 2933 1858 2981 2

253 2986 424 3037 neve-55«.
474 2988 594 3031 Haec
626 2989 852 3046 explicatio
884 2981 1148 3046 quamquam
1180 2993 1224 3032 et
1246 2990 1342 3046 ipsa
1362 2988 1648 3031 arctissimum
1677 2985 1819 3029 nuntii
1855 3003 1858 3018 ÷
