1858 3320
860 229 1151 271 -30-

226 372 379 402 scenae
438 362 655 401 extremae
714 361 932 400 auctorem
985 360 1102 400 certo
1167 358 1343 400 consilio
1401 358 1577 402 ductum
1634 357 1786 401 fecisse
1816 362 1818 365 ’

224 419 485 472 Antigonam
516 417 784 473 Polynicem,
835 417 1050 459 Ismenam
1083 416 1302 460 Eteoclem
1342 417 1580 471 lugentem,
1625 417 1787 460 scilicet

225 481 274 518 ut
304 481 451 531 posset
488 477 672 531 perspici
705 490 779 518 cur
825 479 976 530 postea
1006 476 1083 517 illa
1113 475 1382 532 Polynicem,
1431 476 1540 520 haec
1570 476 1789 520 Eteoclem

226 540 340 578 esset
371 536 606 590 sepultura.
669 535 806 577 Immo
838 536 1033 589 quisquis
1065 537 1305 579 accuratius
1335 536 1477 579 luctus
1499 536 1639 579 mutui
1660 549 1789 591 argu·
1852 544 1856 569 ‘2

225 599 416 638 mentum
448 595 785 637 consideraverit
815 594 1031 648 intelliget
1059 598 1232 649 poetam
1260 610 1356 638 cum
1386 596 1569 639 alteram
1597 609 1787 639 sororem

226 655 524 708 deplorantem
554 653 716 696 faceret
747 654 932 695 alterum
962 653 1159 705 fratrem,
1207 655 1375 697 nullum
1413 654 1533 697 aliud
1564 655 1788 698 eonsilium

227 727 320 756 esse
367 716 560 756 secutum
593 713 676 754 nisi
723 713 954 755 artificium
1001 713 1218 768 quoddam
1265 714 1569 765 dramaticum,
1619 728 1671 757 ex
1703 727 1789 768 quo
1833 710 1839 719 “

224 773 304 814 hoc
337 773 510 827 quidem
543 773 635 814 loco
666 771 887 826 praeclare
918 772 1124 827 lugentur
1153 774 1310 827 singuli
1340 773 1499 816 fratres
1526 786 1553 816 a
1572 773 1790 816 sororibus

224 832 416 886 singulis
479 830 630 885 Neque
663 832 777 873 enim
822 831 959 873 ullum
998 833 1227 886 vestigium
1273 832 1493 875 invenitur
1538 847 1615 875 cur
1649 833 1790 875 altera

226 905 346 933 soror
377 891 504 932 alteri
533 889 658 932 fratri
689 889 834 933 favere
866 891 1007 941 malit;
1053 905 1139 934 non
1172 892 1298 934 modo
1328 893 1374 934 in
1406 893 1610 934 extremis
1640 892 1789 934 unius-

226 951 433 1006 cujusque
467 950 685 991 commatii
707 950 818 992 solet
844 950 938 992 fieri
965 955 1014 992 ut
1045 964 1214 993 sorores
1242 953 1394 994 ambae
1425 951 1603 1006 lugeant
1632 950 1789 993 fratres

225 1010 392 1059 ambos,
448 1008 524 1051 sed
572 1009 703 1052 etiam
748 1009 892 1051 media
936 1010 980 1052 in
1027 1010 1166 1064 epodo
1217 1011 1447 1065 profitetur
1490 1010 1663 1054 Ismena
1707 1011 1790 1054 sibi
1828 1031 1829 1034 ¹

226 1069 453 1123 utriusque
505 1067 652 1110 fratris
705 1082 854 1111 necem
904 1083 1092 1112 summos
1144 1070 1299 1112 afferre
1351 1070 1535 1113 dolores.
1618 1069 1790 1112 Etenim
1827 1088 1829 1090 ·

226 1131 457 1182 postquam
476 1141 502 1169 a
518 1128 735 1170 sororibus
752 1128 931 1182 singulis
952 1127 1028 1168 »ἷὼ
1047 1127 1176 1177 πόνος,
1185 1127 1234 1169 za,
1250 1128 1381 1170 amna«
1397 1129 1452 1172 de
1467 1129 1674 1171 fratribus
1689 1132 1792 1171 sunt

224 1187 516 1241 pronuntiata,
550 1201 633 1229 non
657 1188 798 1229 minus
831 1187 885 1229 de
908 1188 1060 1230 iisdem
1084 1187 1287 1231 dicuntur
1309 1201 1420 1243 quae
1446 1192 1548 1231 sunt
1569 1189 1785 1243 proxima:

796 1246 951 1302 δώμασι
981 1247 1046 1288 καὶ
1069 1245 1194 1305 χθονὶ

795 1307 860 1347 καὶ
889 1306 934 1348 τὸ
966 1306 1108 1363 πρόσω
1138 1306 1270 1363 sepol-

227 1365 391 1416 Quibus
431 1379 483 1407 ex
514 1365 656 1407 verbis
701 1364 774 1408 ille
811 1366 1048 1409 versiculus
1086 1371 1152 1408 est
1182 1367 1443 1421 Antigonae,
1490 1366 1560 1409 hic
1596 1365 1788 1409 alterius.

226 1425 390 1467 Deinde
436 1424 512 1466 illa
557 1425 611 1466 ad
656 1423 903 1480 Polynicem
949 1438 1156 1468 conversa
1201 1426 1321 1468 dicit:
1379 1424 1456 1466 »ἰὼ
1493 1424 1542 1466 ἷὼ
1581 1425 1789 1466 δυστάνων

227 1481 373 1531 ἅναξ»,
419 1483 525 1525 haec
571 1485 625 1526 ad
664 1483 902 1527 Eteoclem:
955 1483 1029 1525 »ἷὼ
1076 1485 1237 1525 πάντων
1277 1483 1655 1535 πολυστονώτατε«;
1697 1486 1789 1540 jam

226 1544 377 1586 ambae
410 1544 551 1585 dicere
583 1547 789 1598 pergunt:
825 1543 903 1584 »ἰὼ
935 1542 1205 1598 δαιμονῶντες
1232 1543 1276 1585 ἐν
1307 1542 1429 1600 ἄτᾳα,
1462 1558 1546 1598 quo
1578 1543 1788 1587 versiculo

225 1606 275 1644 ut
305 1604 349 1644 in
381 1602 604 1656 tragoedia
635 1605 829 1645 extrema
859 1603 1080 1658 aptissime
1113 1604 1311 1646 dicuntur
1340 1604 1517 1655 fratres,
1548 1604 1634 1660 ipsi
1664 1602 1790 1659 culpa
1842 1627 1845 1630 ⁴

225 1663 362 1713 vacui,
411 1663 465 1704 ad
497 1662 670 1704 caedem
702 1666 896 1704 mutuam
927 1663 1052 1717 quasi
1097 1663 1302 1705 destinati
1332 1662 1480 1706 fuisse.
1556 1663 1656 1705 Jam
1686 1663 1788 1704 sub-

226 1724 466 1775 sequuntur
486 1724 575 1763 tres
596 1721 796 1764 versiculi
828 1722 983 1776 quibus
1005 1722 1204 1776 equidem
1225 1737 1292 1764 me
1320 1723 1456 1777 magis
1483 1735 1614 1776 quam
1635 1722 1790 1764 ceteris

226 1781 365 1822 causis
397 1780 632 1823 adductum
663 1795 756 1823 esse
790 1781 996 1824 confiteor
1024 1785 1075 1823 ut
1105 1796 1299 1824 sororum
1319 1785 1518 1824 mutuum
1544 1782 1707 1825 luctum
1734 1781 1790 1823 ab

225 1840 318 1894 ipso
339 1839 550 1895 Aeschylo
573 1839 812 1895 profectum
834 1855 927 1883 esse
959 1855 1193 1884 censerem.
1254 1840 1449 1898 Namque
1481 1841 1554 1883 ubi
1574 1841 1792 1894 Antigona

225 1900 508 1954 interrogavit
528 1900 603 1942 ubi
623 1899 780 1942 fratres
802 1904 948 1942 essent
967 1900 1235 1952 humaturae,
1259 1899 1380 1943 soror
1395 1903 1547 1942 'autem
1567 1899 1791 1956 respondit
1855 1943 1858 1952 ,

227 1972 322 2000 sese
361 1958 543 2001 suadere
577 1973 627 2000 eo
659 1959 752 2001 loco
807 1973 891 2014 quo
931 1963 1047 2002 esset
1087 1959 1458 2011 honestissimum,
1506 1960 1659 2002 ambae
1689 1972 1790 2015 pro-
1857 1983 1858 1986 =

226 2018 406 2060 fitentur
436 2032 530 2060 sese
563 2032 636 2060 eos
666 2033 800 2074 prope
831 2022 1001 2075 patrem
1033 2033 1126 2062 esse
1158 2020 1417 2075 sepulturas.
1485 2019 1565 2062 His
1596 2019 1790 2062 versibus

227 2077 478 2132 tragoediae
510 2077 640 2120 datur
671 2079 813 2120 exitus
852 2078 1146 2133 dignissimus:
1201 2092 1386 2133 namque
1431 2082 1611 2135 propter
1656 2078 1790 2120 totius

227 2150 382 2179 scenae
427 2137 618 2179 indolem
663 2141 794 2193 poeta
838 2139 1087 2192 tragoediae
1134 2138 1265 2180 finem
1308 2138 1436 2180 aliter
1480 2137 1665 2180 formare
1704 2151 1790 2179 non

227 2197 368 2251 potuit
399 2210 529 2250 quam
556 2200 606 2238 ut
637 2211 805 2239 sorores
835 2196 993 2240 fratres
1025 2197 1269 2253 sepulturas
1299 2201 1583 2252 sequerentur
1603 2197 1790 2251 virgines

227 2259 485 2311 anapaestos
532 2257 786 2307 recitantes3
831 2256 908 2299 illa
946 2261 1092 2299 autem
1129 2271 1323 2299 sororum
1369 2257 1500 2300 verba
1544 2257 1792 2312 anapaestis

229 2315 439 2370 ejusmodi
480 2316 702 2371 aptissime
739 2317 934 2371 potuisse
968 2317 1108 2372 excipi
1139 2331 1265 2359 nemo
1296 2317 1472 2370 negabit
1514 2317 1587 2371 qui
1619 2315 1794 2370 quidem

230 2387 334 2415 sano
369 2374 530 2429 judicio
567 2379 728 2417 utatur.
806 2375 925 2426 Quae
958 2390 1054 2418 cum
1084 2377 1147 2418 ita
1178 2377 1283 2426 sint,
1333 2375 1533 2430 equidem
1580 2374 1792 2418 contendo

227 2449 292 2475 vv.
327 2434 561 2476 934—989
593 2435 647 2477 ab
677 2435 771 2490 ipso
803 2435 1013 2491 Aeschylo
1046 2450 1140 2478 esse
1171 2435 1441 2490 compositos.

349 2492 435 2535 Sed
490 2507 601 2548 quae
648 2495 778 2536 attuli
823 2498 872 2536 ut
924 2509 1095 2537 scenam
1141 2496 1475 2548 subsequentem
1512 2492 1794 2549 Aeschyleam

228 2565 321 2593 esse
368 2566 592 2606 negarem,
657 2553 761 2595 mihi
808 2554 983 2608 quidem
1029 2558 1117 2596 tam
1165 2555 1312 2609 gravia
1358 2567 1454 2597 esse
1501 2553 1704 2596 videntur
1744 2555 1794 2595 ut

226 2611 440 2653 neminem
467 2612 558 2667 jam
604 2612 786 2655 alteram
815 2614 861 2655 in
899 2617 1066 2670 partem
1111 2613 1435 2669 disputaturum
1465 2626 1559 2655 esse
1607 2626 1793 2668 sperem.

227 2669 460 2723 Egreditur
499 2685 628 2714 scena
672 2671 843 2715 fabulae
891 2673 1136 2723 consilium
1183 2687 1294 2727 quae
1333 2671 1555 2714 adduntur
1600 2673 1661 2714 sic
1691 2674 1794 2714 sunt

228 2734 476 2784 comparata
506 2734 556 2772 ut
584 2734 628 2773 et
649 2731 896 2786 relinquant
922 2733 968 2774 in
994 2746 1201 2788 suspenso
1230 2735 1495 2788 spectatores
1517 2730 1571 2773 de
1587 2729 1792 2788 Polynice

228 2788 477 2842 sepeliendo
500 2793 631 2843 atque
654 2790 707 2832 de
730 2791 971 2845 Antigonae
1003 2792 1156 2843 salute,
1191 2795 1235 2834 et
1253 2793 1299 2833 in
1320 2791 1372 2833 iis
1395 2804 1507 2845 quae
1530 2790 1794 2833 antecedunt

227 2861 313 2888 non
335 2848 460 2889 modo
483 2863 567 2890 non
599 2850 686 2891 sint
706 2855 975 2906 praeparata,
1009 2851 1086 2893 sed
1116 2852 1169 2892 iis
1191 2865 1245 2893 ne
1267 2849 1589 2893 accommodata
1618 2848 1794 2904 quidem

227 2905 476 2957 videantur3
509 2907 664 2950 deinde
687 2909 894 2952 adversus
925 2910 1125 2966 Aeschyli
1145 2924 1321 2961 morem,
1354 2923 1483 2963 quem
1513 2909 1558 2950 in
1579 2909 1793 2964 prioribus

228 2965 401 3018 quidem
432 2967 667 3020 tragoediis
702 2983 799 3010 eum
831 2970 1022 3011 tenuisse
1055 2973 1246 3021 constat,
1284 2973 1374 3011 tres
1405 2981 1616 3024 personae
1645 2971 1792 3024 pas-tes
