1858 3320
881 269 1172 311 ..13-

248 414 304 443 τις·
331 397 412 439 εἶδε
445 398 563 457 Ζηνιὶ
593 414 660 440 του
699 398 796 453 (hoc
834 412 887 440 cx
924 397 1115 440 Elmsleii
1153 399 1400 453 conjectura
1435 398 1527 441 loco
1561 398 1653 456 που)
1695 400 1790 441 νικώ

239 473 405 513 μενονι..
467 459 566 501 Jam
586 458 807 501 videamus
830 458 941 499 sitne
963 471 1165 499 versuum
1186 458 1264 500 tali
1285 459 1329 499 in
1351 457 1501 500 ordine
1523 460 1807 514 repositorum

245 519 461 560 sententia
507 517 682 572 Aechyli
728 517 900 570 ingenio
947 516 1138 570 indigna.
1216 517 1407 559 Primum
1454 517 1597 560 verbis
1647 517 1809 560 »τοιάδε

239 574 379 632 μέντοι
412 576 644 633 προςφίλεια
667 574 890 631 δαιμόνων<<
926 577 1118 618 narratio
1141 575 1194 618 de
1217 576 1395 619 deorum
1416 577 1640 624 inimicitia
1658 578 1808 620 finitur

243 637 484 704 aptissime:
527 640 620 678 crat
658 635 1042 678 demonstrandum
1080 635 1349 678 adversarios
1379 636 1539 679 habere
1569 637 1614 679 in
1645 636 1807 694 clypeis

244 696 367 750 signa
398 695 578 738 deorum
609 696 723 736 inter
761 708 806 736 se
843 695 1244 737 inimicissimorum
1309 695 1510 738 Ceterum
1543 693 1677 736 τοιάδε
1707 710 1806 752 pro-

243 769 398 798 nomen
446 758 490 797 et
537 753 767 810 προςφίλεια
814 755 1082 797 commodum
1130 768 1303 796 sensum
1349 754 1572 810 praebent.
1635 755 1807 798 Etenim

244 812 377 854 τοιάδε
422 814 611 869 positum
656 812 840 865 videtur,
891 813 1006 867 quod
1053 817 1154 855 sunt
1189 814 1233 856 in
1270 813 1614 857 adversariorum
1645 814 1806 871 clypeis
1856 844 1858 846 -

240 872 387 928 Typho
403 874 657 927 ignivomus,
690 871 861 928 Jupiter
891 871 1142 915 fulminans:
1183 874 1428 927 cogitantur
1458 874 1592 928 igitur
1621 874 1705 930 ipsi
1735 874 1806 917 dei

240 933 355 974 inter
385 946 430 974 se
462 935 726 988 pugnantes;
760 931 992 987 προςφίλεια
1014 936 1172 984 autem,
1205 933 1364 975 ironice
1387 933 1561 984 dictum,
1594 932 1694 975 huic
1713 933 1805 976 loco

242 994 309 1033 est
339 991 622 1047 aptissimum,
661 990 738 1032 ubi
770 992 1035 1046 significatur
1067 996 1230 1047 quanta
1266 993 1323 1034 sit
1354 991 1531 1035 deorum
1563 993 1807 1035 inimicitia?

240 1063 426 1105 namque
457 1065 526 1092 me
557 1065 644 1092 non
674 1051 916 1106 intelligere
947 1051 1082 1094 libere
1115 1052 1322 1094 confiteor
1351 1051 1564 1105 quomodo
1597 1051 1724 1103 docti,
1756 1055 1806 1095 ut

240 1124 412 1152 versum
459 1109 726 1152 ascriberent
771 1111 1083 1166 interpolatori,
1132 1110 1254 1152 abuti
1284 1112 1507 1166 potuerint
1541 1110 1615 1153 illo
1648 1125 1805 1165 genere

240 1169 422 1222 dicendi,
458 1170 582 1224 quasi
611 1170 655 1211 in
687 1183 770 1211 usu
803 1174 948 1212 essent
968 1169 1349 1225 interpolator-ibus
1373 1170 1583 1224 ejusmodi
1605 1169 1804 1213 dictionis

239 1229 432 1271 artificia.
486 1228 719 1271 Praeterea
745 1228 926 1271 Weilius
957 1229 1124 1271 monuit
1155 1229 1369 1284 particula
1388 1227 1524 1285 μέντοι
1545 1243 1656 1284 quae
1677 1243 1803 1286 prae·

238 1287 442 1331 cederent
488 1288 548 1330 sic
594 1288 838 1331 confirmari
882 1292 932 1330 ut
970 1289 1177 1331 transitus
1216 1291 1445 1344 pararetur
1475 1288 1532 1331 ad
1563 1290 1801 1343 sequentia.

237 1347 288 1389 In
325 1347 690 1402 subsequentibus
728 1362 856 1403 porro
893 1349 1053 1404 optime
1084 1349 1270 1404 primum
1301 1349 1445 1402 agitur
1481 1349 1526 1390 in
1556 1349 1804 1391 universum

238 1407 291 1449 de
338 1407 597 1450 adversariis
643 1406 921 1462 Thebanique
959 1407 1160 1450 dicuntur
1196 1408 1399 1457 victores3
1446 1407 1602 1451 deinde
1632 1407 1805 1464 Jupiter

202 1474 209 1481 ’
237 1480 362 1508 suum
399 1466 670 1522 Hyperbium
709 1472 957 1510 servaturus
997 1481 1091 1510 esse
1125 1467 1402 1522 significatur.
1464 1466 1571 1509 Tum
1601 1468 1800 1522 virgines,

237 1539 347 1580 quae
380 1526 521 1568 solent
552 1525 732 1580 singulis
763 1528 877 1581 regis
910 1526 1176 1569 orationibus
1199 1526 1358 1568 auditis
1391 1540 1418 1568 a
1448 1526 1531 1568 diis
1552 1528 1720 1582 precari
1750 1531 1802 1569 ut

237 1589 410 1627 servent
439 1586 578 1628 virum
608 1585 868 1638 Thebanum,
901 1586 1157 1642 propulsent
1186 1585 1255 1628 vel
1285 1586 1547 1628 interficiant
1578 1586 1800 1640 Argivum,

235 1644 314 1686 hoc
343 1644 436 1686 loco
468 1648 597 1696 arcte,
637 1646 682 1687 ni
711 1645 850 1697 fallor,
890 1646 1170 1688 adnectentes
1210 1645 1266 1687 ad
1298 1649 1493 1688 extrema
1522 1646 1636 1700 regis
1669 1644 1802 1688 verba

235 1705 357 1746 aiunt
396 1718 490 1746 sese
527 1704 702 1747 credere
743 1702 947 1760 (πέποιθα)
988 1720 1085 1748 eum
1123 1705 1197 1759 qui
1235 1705 1280 1746 in
1311 1704 1461 1760 clypeo
1491 1704 1652 1747 habeat
1681 1705 1800 1747 Jovis

235 1763 530 1806 adversarium
566 1767 667 1807 ante
705 1768 854 1820 portas
895 1778 989 1807 esse
1020 1765 1274 1821 periturum.
1338 1763 1540 1806 Ceterum
1570 1764 1674 1806 mihi
1705 1765 1799 1818 qui·

236 1822 334 1865 dem
367 1824 637 1866 enuntiatum
667 1823 774 1866 illud
807 1823 1155 1866 conditionaliter
1175 1825 1363 1880 positum
1399 1821 1460 1863 »εἷ
1480 1821 1588 1867 Ζεύς
1607 1837 1651 1876 γε
1681 1822 1800 1879 Τυφῶ

234 1882 546 1951 καρτερώτερος
588 1882 730 1940 μάχῃ<<
789 1887 832 1925 et
885 1883 1000 1938 quod
1054 1883 1281 1938 subjicitur
1332 1882 1589 1925 affirmative
1637 1883 1800 1925 dictum

238 1938 401 1981 »κοῦπω
433 1956 491 1985 τις
518 1940 601 1982 εἶδε
633 1942 750 1999 Ζῆνά
781 1957 848 1982 τοι)
870 1943 1109 1998 νικώμενονκ
1144 1942 1499 1998 interpolatorem
1519 1941 1625 1984 nihil
1646 1956 1798 1998 sapere

233 2000 450 2042 videntm:
485 2002 522 2042 is
553 2001 640 2044 tale
664 2001 768 2056 quid
789 2003 1059 2058 asciipsisset
1084 2017 1234 2044 »nemo
1256 2015 1461 2057 umquam
1481 2002 1584 2043 vicit
1602 2001 1796 2044 Jovem‹.

232 2059 385 2114 Itaque
417 2060 580 2103 nullam
609 2061 735 2103 video
774 2075 948 2103 causam
985 2076 1061 2104 cur
1098 2075 1149 2104 ea
1180 2061 1234 2103 ab
1267 2061 1478 2116 Aeschylo
1511 2061 1597 2102 sint
1627 2060 1797 2117 abjudi-

233 2120 383 2171 canda,
418 2121 612 2175 quamvis
643 2120 830 2164 libenter
861 2121 1093 2164 concedam
1124 2120 1254 2177 paulo
1285 2120 1417 2162 latius
1440 2133 1568 2174 quam
1597 2123 1796 2176 expecte-

232 2193 326 2220 mus
359 2193 453 2221 esse
486 2194 702 2236 expressa.

349 2238 539 2281 Tandem
584 2241 703 2283 venit
749 2239 986 2296 disputatio
1041 2240 1096 2282 ad
1144 2241 1339 2295 quintam
1384 2240 1499 2293 regis
1545 2239 1795 2291 orationem,

232 2311 342 2350 quae
376 2299 464 2340 exit
493 2299 572 2341 hos
603 2300 647 2341 in
679 2313 847 2342 versus:

546 2380 678 2424 ἐλθὼν
710 2380 872 2424 δ’ἔοικεν
903 2382 951 2423 οὐ
983 2381 1240 2457 καπηλεύσειν
1265 2383 1415 2440 μάχην,

539 2443 700 2499 μακρᾶς
727 2440 920 2484 κελεύθου
953 2441 1039 2483 ὃόὐ
1069 2445 1340 2516 καταισχυνεῖν
1372 2441 1496 2498 πόρον

547 2499 860 2573 Παρθενοπαῖος
888 2499 1029 2557 Ἀρκάς.
1075 2502 1098 2542 ὁ
1131 2501 1177 2543 δὲ
1208 2500 1354 2542 τοιόσδ’
1355 2500 1458 2558 ἀνήρ

538 2560 727 2615 μέτοικος,
754 2558 880 2617 Αργει
911 2559 1106 2602 δ’ἐκτίνων
1136 2560 1259 2608 καλὰς
1286 2561 1451 2616 τροφάς,

543 2619 705 2676 πύργοις
732 2619 886 2662 ἀπειλεῖ
912 2619 1034 2661 τοῖσδ’
1065 2619 1091 2660 ἃ
1116 2619 1175 2677 μὴ
1205 2619 1355 2676 κραίνοι
1386 2618 1492 2667 θεός.

231 2699 391 2742 Contra
436 2700 657 2745 Ritschelii
702 2704 974 2758 potissimum
1020 2703 1243 2755 rationem,
1292 2704 1366 2757 qui
1407 2701 1548 2744 tribus
1587 2701 1792 2744 extremis

229 2759 426 2802 versibus
458 2761 564 2803 alias
597 2762 722 2805 sedes
754 2763 919 2814 tribuit,
953 2763 1108 2804 statuit
1127 2762 1355 2804 Richterus
1382 2775 1534 2804 versus
1556 2764 1672 2803 stare
1705 2761 1793 2803 suis

229 2818 354 2870 locis,
404 2820 481 2861 sed
527 2821 724 2863 additum
772 2836 865 2864 esse
912 2823 966 2864 ab
1012 2821 1321 2877 interpolatore
1365 2820 1557 2877 »πύργοις
1599 2818 1798 2860 δ’ἀπειλεῒ

231 2876 350 2921 vois-3⁹
388 2876 414 2917 ἃ
446 2878 505 2935 μὴ
540 2878 691 2934 κραίνοι
729 2878 878 2931 θεός<<ς
915 2885 1045 2934 atque
1079 2882 1215 2923 suasit
1246 2881 1350 2922 talia
1379 2880 1469 2923 fere
1501 2878 1790 2922 restituenda:

1047 2951 1069 2992 ὃ
1102 2952 1148 2993 δὲ
1179 2951 1322 2993 τοιόσδ’
1354 2950 1457 3008 ἀνήρ

572 3007 761 3063 μέτοικος,
787 3006 914 3066 ’Ἀργει
943 3017 967 3051 ὁ
954 3010 1116 3052 ’ἐκτίνει
1145 3010 1269 3059 καλὰς
1297 3011 1459 3066 τροφάς.
