1858 3320
849 244 1140 286 -64-

211 390 358 419 versus
390 376 713 430 subsequentis3
746 389 857 430 quae
889 375 1168 430 transpositio
1199 374 1282 418 hac
1312 389 1360 418 re
1388 375 1635 419 defenditur
1665 376 1780 432 quod
1814 388 1819 393 ⁸

210 435 353 477 libraii
384 436 605 491 cujusdam
638 435 749 477 oculi
779 434 965 476 facilline
998 433 1201 477 aberrare
1233 438 1437 490 poterant
1465 449 1491 477 a
1517 434 1683 492 syllaba
1715 450 1785 481 τος·
1821 483 1823 486 ,

204 491 415 538 ’Ἄτλαντος
434 495 611 549 genitivi
634 495 689 536 ad
722 508 892 537 versum
913 495 1155 550 proximum
1178 508 1230 536 ex
1252 494 1404 537 vocula
1425 493 1472 539 ὅς
1488 495 1780 551 incipientem.
1820 491 1826 546 f

212 554 298 596 Sed
331 555 524 609 quamvis
571 555 748 609 probem
795 553 871 596 has
918 554 997 596 viri
1029 553 1261 596 doctissimi
1307 555 1586 610 conjecturas,
1634 558 1781 598 tamen
1819 550 1837 635 ἒ

211 628 296 668 quo
328 613 494 656 facilius
516 613 784 668 corruptelae
807 614 925 667 origo
939 614 1071 668 possit
1091 614 1284 668 perspici,
1310 613 1402 656 loco
1422 615 1495 666 γᾶν
1509 614 1781 658 scribendum
1827 623 1837 673 ἦ

210 673 370 715 suadeo
403 670 505 713 αἶαν.
568 674 644 715 His
675 674 808 727 igitur
840 673 1094 729 conjecturis
1125 674 1308 728 receptis
1346 673 1451 715 mihi
1498 673 1694 729 quidem,
1733 678 1784 716 ut
1830 674 1839 733 ᾗ

210 732 314 774 nihil
345 733 568 788 subjiciam
600 746 740 787 neque
773 732 827 775 de
858 732 999 775 :forma
1029 732 1192 775 tradita
1224 730 1435 787 ἐσειδόμαν
1466 737 1598 788 atque
1629 733 1784 777 leviter
1831 740 1841 780 τὲ

210 795 378 834 mutata
422 793 467 833 in
514 790 716 846 εἷσιδόμαν
762 806 904 847 neque
951 793 1003 834 de
1050 792 1264 847 particula
1309 790 1356 832 δέ
1392 793 1445 834 in·
1475 808 1514 836 v.
1552 793 1639 836 435
1686 797 1784 848 post

208 847 334 895 ’Ἄϊδος
374 852 651 906 trausposita,
701 851 863 906 epodus
900 852 1010 894 tales
1046 852 1092 894 in
1130 866 1330 895 numeros
1368 852 1540 895 videtur
1576 866 1667 895 esse
1699 853 1782 896 dis-

209 911 426 964 ponenda:

549 970 675 1026 μόνον
707 970 758 1028 δὴ
789 969 970 1027 πρόσθεν
1001 971 1118 1014 ἄλλον
1150 971 1192 1013 ἐν
1224 971 1357 1019 πόνοις

555 1029 712 1084 δαμέντ’
743 1030 1079 1087 ἀδαμαντοδέτοις

564 1089 702 1131 Τιτᾶνα
733 1089 873 1146 λύμαις
899 1090 1102 1147 εἰσιδόμαν
1134 1089 1233 1132 θεὸν
1258 1088 1334 1132 Ἄτ-

554 1149 695 1198 λαντος
722 1149 922 1207 ὑπέροχον
954 1148 1100 1199 σθένος
1126 1150 1328 1207 κραταιόν,

555 1208 602 1257 ὃς
630 1208 722 1250 αἶαν
754 1209 940 1265 οὐράνιον
972 1225 1014 1251 τε
1045 1210 1166 1251 πόλον

559 1269 696 1317 νώτοις
724 1268 990 1323 ὑποστεγάζει.

550 1327 640 1385 βοᾷ
669 1328 715 1369 δὲ
747 1328 902 1377 πόντιος
928 1329 1082 1371 κλύδων

556 1386 773 1444 ξυμπίτνων
805 1388 931 1430 στένει
957 1387 1102 1443 βυθός,

554 1447 732 1496 κελαινὸς
753 1444 880 1496 Ἄιδος
907 1448 943 1489 δ’
975 1448 1195 1505 ὑποβρέμει
1219 1447 1354 1506 μυχὸς
1381 1451 1463 1503 γᾶς,

555 1508 678 1562 παγαὶ
710 1507 745 1548 δ’
778 1507 1008 1564 ἁγνορύτων
1040 1511 1227 1564 ποταμῶν

558 1566 758 1608 στένουσιν
790 1566 910 1622 ἄλγος
937 1568 1102 1624 οἰκτρόν.

211 1625 505 1680 Westphalius
536 1627 613 1670 hos
635 1641 836 1669 numeros
868 1642 974 1683 quos
996 1632 1040 1670 et
1059 1629 1149 1683 ipse
1170 1627 1316 1682 paullo
1347 1626 1526 1670 inferius
1549 1628 1781 1682 exscripsit,

210 1699 251 1739 p.
287 1685 372 1726 642
414 1686 706 1742 episynthetos
746 1687 855 1728 dixit
894 1691 1026 1743 atque
1059 1702 1086 1729 a
1124 1689 1283 1729 normis
1316 1687 1561 1744 Aeschyleis
1606 1687 1781 1730 alienos.

210 1744 423 1799 Equidem
454 1760 584 1802 supra
624 1747 920 1803 episynthetos
953 1748 1067 1803 apud
1098 1747 1355 1803 Aeschylum
1394 1762 1484 1790 esse
1515 1748 1671 1802 negavi
1700 1747 1784 1790 nisi

210 1805 254 1845 in
276 1804 551 1860 stropharum
573 1807 711 1848 exitu:
745 1808 819 1849 sed
840 1806 921 1849 hac
940 1808 986 1848 in
1014 1807 1151 1863 epodo
1172 1807 1335 1849 habent
1354 1821 1554 1850 numeros
1576 1807 1783 1863 ejusmodi

211 1878 359 1906 versus
391 1864 514 1917 alter,
563 1867 728 1917 tertius,
764 1870 963 1920 quartus3
1011 1867 1166 1921 quibus
1200 1882 1251 1908 ex
1283 1867 1476 1909 versibus
1506 1867 1680 1919 tertius,
1713 1867 1783 1909 cui

210 1924 449 1967 arctissime
482 1925 727 1968 adnectitur
749 1925 1034 1980 subsequens,
1068 1927 1133 1967 uti
1164 1926 1337 1969 videtur
1368 1927 1557 1968 numeris
1590 1925 1781 1982 dactylo-

211 1984 410 2038 epitritis,
445 1985 499 2026 ab
531 1985 736 2040 Euripide
770 1985 945 2040 quidem
977 1986 1226 2041 saepissime
1266 1987 1415 2041 positis
1446 1986 1492 2027 in
1524 1986 1782 2028 carminibus

212 2057 413 2086 numeros
437 2045 735 2100 episynthetos
757 2046 1117 2100 amplectentibus
1149 2043 1364 2102 (Westph.
1387 2061 1429 2101 p.
1453 2043 1573 2103 692).
1626 2045 1781 2100 Itaque

210 2116 296 2145 non
316 2104 668 2159 reprehenderim
698 2105 839 2147 virum
861 2105 1034 2148 doctum
1057 2105 1183 2159 epodi
1204 2109 1343 2147 metra
1363 2119 1390 2147 a
1410 2105 1570 2147 normis
1590 2104 1781 2159 Aeschy-
1854 2159 1857 2161 -

210 2162 288 2204 leis
319 2163 551 2206 abhorrere
580 2164 858 2220 judicantem.

328 2222 452 2265 Nunc
497 2225 736 2267 accuratius
781 2228 845 2267 est
883 2225 1098 2279 agendum
1147 2225 1198 2267 de
1254 2224 1631 2280 dactyloepitritis:
1680 2238 1782 2267 nam

210 2282 293 2323 duo
341 2284 531 2325 carmina
577 2284 888 2340 antistrophica
935 2288 1017 2338 (vv.
1052 2285 1138 2326 528
1158 2311 1211 2316 -
1231 2284 1337 2334 5413
1388 2300 1454 2327 vv.
1496 2285 1580 2327 885
1600 2311 1655 2316 ——
1675 2282 1781 2341 892)

208 2355 383 2396 prorsus
429 2342 520 2386 fere
569 2348 671 2386 sunt
718 2345 955 2399 composita
1001 2359 1054 2386 ex
1101 2345 1292 2386 versibus
1339 2344 1558 2399 ejusmodi.
1636 2343 1780 2399 Atque

208 2402 440 2445 rectissime
493 2404 660 2446 monuit
697 2403 989 2459 Westphalius
1046 2404 1382 2459 disputationem
1426 2403 1480 2446 de
1517 2403 1779 2457 tragicorum

209 2459 571 2518 dactyloepitritis
602 2464 833 2506 instituens
871 2464 947 2506 hos
981 2477 1183 2506 numeros
1222 2463 1368 2518 lyricis
1400 2463 1535 2518 magis
1565 2462 1777 2518 placuisse

209 2534 339 2574 quam
370 2523 545 2576 tragicis
566 2527 745 2579 propter
777 2537 899 2565 suam
929 2523 1150 2579 propriam
1180 2522 1381 2565 indolem.
1444 2522 1617 2565 Etenim
1639 2523 1778 2578 quivis

208 2581 340 2622 sentit
371 2596 521 2624 versus
555 2583 629 2637 qui
662 2583 884 2626 elementis
916 2583 1138 2638 dactylicis
1159 2582 1320 2625 habent
1350 2583 1627 2637 praemissam
1653 2581 1777 2637 dipo-

210 2639 323 2681 diam
369 2642 628 2684 trochaicam
675 2644 795 2698 cujus
842 2643 997 2684 ultima
1043 2642 1210 2697 syllaba
1254 2642 1364 2684 solet
1411 2656 1502 2684 esse
1555 2642 1776 2697 producta,

208 2703 386 2754 propter
423 2701 536 2744 hano
573 2703 710 2756 ipsam
748 2702 921 2756 longam
952 2702 1160 2757 syllabam
1197 2702 1433 2744 sedatiores
1473 2702 1777 2756 gravioresque

210 2773 298 2800 esse
332 2773 461 2814 quam
492 2764 542 2802 ut
562 2762 607 2802 in
629 2763 850 2804 commotis
882 2763 1143 2816 tragicorum
1165 2762 1424 2803 carminibus
1456 2761 1597 2804 locum
1617 2760 1776 2803 habere

208 2819 441 2871 potuerint.
522 2820 605 2875 Sed
653 2835 737 2875 quo
784 2822 920 2875 magis
970 2821 1123 2863 chorus
1171 2822 1273 2875 quid
1319 2822 1364 2862 in
1410 2834 1537 2863 scena
1574 2825 1778 2874 ageretur

210 2891 360 2919 curare
393 2878 532 2930 desiit,
567 2894 616 2921 eo
649 2880 935 2923 sedatioribus
966 2881 1156 2922 numeris
1189 2881 1340 2934 tragici
1372 2881 1437 2922 usi
1468 2883 1584 2922 sunt:
1623 2880 1682 2922 sic
1713 2883 1778 2922 est

208 2936 369 2980 factum
401 2941 449 2979 ut
480 2938 727 2993 Euripides,
778 2940 893 2995 apud
927 2954 1054 2993 quem
1086 2939 1241 2982 chorus
1274 2941 1326 2982 de
1363 2941 1492 2982 rebus
1528 2940 1634 2995 ipsis
1665 2953 1776 2993 quae

209 2997 254 3039 in
285 3011 411 3038 scena
442 2998 552 3039 fiunt
583 3012 760 3053 prorsus
791 2999 882 3041 fere
917 3013 1091 3041 securus
1130 3000 1352 3041 universas
1391 2999 1561 3041 vivendi
1606 3012 1776 3041 normas

1839 1034 1845 1061 ψ-
1834 800 1845 993 ³„2„;».-110-2-n.›-
