1858 3320
879 275 1170 317 —16—

454 405 594 455 ἵππους
621 405 702 448 δ’ἐν
734 405 999 462 ἀμπυκτῆρσιν
1030 404 1354 462 ἐμβριμωμένους

455 464 563 515 δινεῖ,
596 463 796 513 θελούσας
824 463 925 521 πρὸς
952 463 1092 513 πύλαις
1117 464 1366 507 κεπτωκέναι.
1843 498 1848 519 5

243 524 415 567 Etenim
438 525 517 566 nisi
550 525 624 567 ille
647 525 863 579 cogitatur
892 524 1102 580 impetum
1122 525 1167 566 in
1188 525 1334 567 hostes
1354 524 1496 568 facere
1520 539 1612 568 esse
1633 526 1808 580 vetitus,
1842 537 1858 581 sp

240 598 324 626 non
358 584 618 639 intelligitur
649 597 776 626 causa
807 597 882 625 cur
913 583 1097 626 retineat
1131 598 1262 638 equos
1290 585 1335 627 in
1363 588 1510 640 portas
1541 584 1808 629 festinante&
1852 620 1858 637 „

241 642 374 685 Porro
413 643 529 686 idem
559 643 650 686 fere
682 647 812 697 atque
846 643 897 685 de
929 642 1090 697 Tydeo,
1139 643 1185 685 in
1216 658 1344 698 quem
1390 645 1611 700 pertinent
1647 660 1688 688 v.
1720 645 1808 688 360
1852 661 1858 668 ·

240 703 371 745 verba
416 701 519 760 »ἤδη
561 703 661 758 πρὸς
697 700 853 742 πύλαισι
896 700 1088 758 βρέμεια,
1143 704 1298 746 (11011111
1343 703 1396 746 (10
1442 703 1808 761 Hippomedonta:
1853 739 1858 753 .

240 776 340 804 nam
371 766 600 818 postquam
631 763 740 804 scuti
771 762 940 816 signum
960 763 1190 818 superbum
1224 766 1289 806 est
1321 763 1596 819 descriptum,
1631 764 1684 807 de
1715 764 1809 820 ipso
1846 777 1858 809 ζ

240 823 330 864 viro
362 822 467 864 haec
498 822 675 863 nuntius
708 821 848 864 dicere
880 821 1042 877 pergit:

455 879 576 929 αὐτὸς
603 879 903 938 δ’ἐπηλοίλαξεν,
935 878 1078 930 ἔνθεος
1106 881 1143 923 δ’
1169 878 1273 938 Αρει

450 940 594 998 βαῃιᾷ
622 939 724 997 πρὸς
750 940 871 998 ἀλκὴν
911 939 1028 989 θνιὰς
1055 941 1113 990 ὡς
1140 940 1266 997 φόνον
1293 940 1468 995 βλέπων.

454 999 610 1041 τοιοῦδε
640 999 778 1072 φωτὸς
805 1002 947 1056 πεῖραν
979 998 1025 1042 εὖ
1057 1000 1288 1057 φυλακτέον·

455 1059 588 1115 φόβος
615 1059 691 1116 γὰρ
725 1057 804 1117 ἤδη
835 1059 938 1116 πρὸς
965 1059 1103 1109 πύλαις
1130 1060 1378 1116 κομπάζεται.
1429 1059 1520 1116 (vv.
1543 1061 1630 1104 480
1651 1059 1765 1117 sqq.)
1786 1083 1791 1087 ·

240 1118 402 1169 Quibus
434 1134 487 1161 ex
517 1119 708 1162 versibus
747 1118 963 1162 extremus
1001 1119 1107 1162 haec
1138 1121 1240 1162 dicit
1295 1121 1508 1176 »jactatur
1552 1121 1607 1162 ab
1639 1134 1691 1162 eo
1718 1122 1809 1176 jam

240 1193 373 1234 prope
405 1182 552 1234 portas
589 1178 777 1220 hostium
807 1178 961 1233 fuga«;
1009 1180 1063 1222 ad
1093 1179 1235 1235 ipsum
1273 1180 1386 1222 enim
1418 1179 1808 1236 Hippomedontem

239 1238 457 1294 pertinere
504 1238 764 1280 locutionem
817 1236 977 1294 »φόβος
1004 1237 1272 1293 κομπάζετακ
1322 1240 1394 1282 vix
1433 1243 1498 1281 est
1527 1239 1808 1290 monendum

241 1298 394 1340 deinde
426 1298 579 1340 vocula
615 1295 742 1354 »7'2'377«
778 1298 857 1340 1100
894 1299 987 1340 1000
1019 1299 1178 1340 31011113
1213 1299 1434 1354 jungenda
1464 1302 1529 1342 est
1559 1312 1656 1341 cum
1686 1312 1811 1342 voca-

239 1358 351 1400 bulis
388 1357 516 1413 >>πρὺς
546 1356 707 1401 mum«
745 1371 874 1412 quam
896 1372 992 1400 cum
1023 1358 1100 1400 illa
1130 1359 1365 1401 locutione:
1400 1358 1562 1401 etenim
1595 1358 1812 1401 »hostium

239 1416 386 1472 sugam
413 1418 604 1473 jactare«
641 1417 750 1459 nihil
782 1417 1000 1473 peculiare
1031 1417 1181 1468 habet3
1226 1418 1356 1460 immo
1389 1432 1440 1460 ea
1472 1418 1526 1461 de
1557 1431 1688 1461 causa
1717 1431 1810 1461 cer-

239 1480 385 1519 tamen
433 1478 524 1533 ejus
557 1480 602 1519 et
631 1477 817 1533 impetus
857 1478 967 1519 bene
1013 1481 1113 1519 sunt
1159 1479 1350 1521 cavenda
1381 1478 1495 1532 quod
1538 1478 1674 1533 jactat
1718 1491 1810 1520 sese

237 1537 327 1592 jam
356 1551 490 1592 prope
522 1539 682 1592 portas.
753 1537 919 1579 Deinde
950 1536 1056 1579 mihi
1089 1538 1261 1591 quidem
1292 1538 1494 1580 videntur
1525 1537 1672 1592 Argivi
1701 1551 1811 1579 non-

239 1596 350 1638 nulli
389 1610 484 1639 eam
522 1596 795 1651 potissimum
825 1597 880 1639 ob
912 1610 1083 1638 causam
1119 1597 1314 1652 profiteri
1360 1611 1451 1640 sese
1490 1597 1623 1640 etiam
1661 1600 1812 1639 contra

240 1655 345 1698 deor
347 1671 419 1697 um
450 1656 720 1698 voluntatem
747 1656 911 1699 Thebas
943 1670 1033 1699 esse
1065 1660 1400 1724 oppugnaturos,
1435 1657 1548 1711 quod
1569 1657 1624 1699 ab
1644 1656 1811 1713 impetu

239 1716 483 1758 retinentur
520 1716 632 1758 vatis
670 1730 892 1783 responso
951 1716 1111 1772 quippe
1156 1717 1230 1771 qui
1268 1717 1398 1759 sacris
1434 1715 1558 1759 factis
1595 1716 1812 1759 monuerit

239 1774 407 1818 Thebas
438 1779 735 1843 oppugnatum
766 1775 823 1817 iri
854 1776 933 1818 (1113
963 1775 1121 1818 invitis.

359 1834 423 1877 Ex
453 1835 506 1877 iis
538 1849 648 1890 quae
686 1835 834 1877 monui
875 1839 1057 1891 apparet
1093 1835 1169 1878 illa
1200 1835 1254 1878 de
1285 1835 1428 1891 Tydeo
1463 1835 1636 1878 fictione
1673 1835 1809 1878 inter-
1825 1875 1834 1878 -

239 1895 425 1950 polatori
457 1896 646 1951 ascripta
676 1909 762 1937 non
792 1909 917 1951 posse
955 1895 1143 1950 intelligi
1179 1909 1320 1950 neque
1358 1898 1495 1938 totam
1527 1896 1579 1938 de
1610 1895 1702 1938 viro
1732 1894 1809 1937 illo
1856 1929 1858 1952 5

240 1955 533 1997 narrationem
578 1969 719 2009 neque
766 1955 935 2009 singula
980 1956 1208 2009 quaedam,
1264 1968 1374 2009 quae
1421 1957 1522 1997 sunt
1565 1954 1720 1997 ceteris
1763 1955 1810 1996 in
1857 1954 1858 1957 ’

241 2014 524 2066 orationibus,
573 2029 715 2069 neque
755 2042 809 2047 —
852 2015 966 2069 quod
1012 2029 1224 2056 summum
1270 2014 1444 2057 videtur
1490 2040 1544 2046 ——
1595 2013 1809 2069 quomodo

241 2075 436 2116 excusari
457 2075 650 2130 potuerit
680 2075 812 2116 totius
835 2087 988 2117 scenae
1009 2088 1141 2126 mora,
1177 2087 1286 2128 quae
1307 2074 1358 2116 fit
1380 2075 1482 2117 dum
1503 2077 1604 2116 sunt
1623 2073 1810 2116 hostium

240 2134 387 2189 copiae
410 2134 490 2176 sub
511 2134 737 2176 moenibus
758 2134 872 2190 ipsis.
932 2134 1085 2188 Itaque
1106 2134 1336 2176 Richterus
1358 2133 1569 2176 commisit
1589 2132 1810 2189 piaculum

239 2192 410 2236 fictione
442 2194 519 2236 illa
550 2195 604 2236 ab
636 2194 845 2249 Aeschylo
877 2194 1138 2249 abjudicata.

357 2253 384 2295 J
386 2267 457 2296 am
493 2268 595 2295 vero
634 2253 774 2296 dicam
811 2253 865 2295 de
905 2254 1107 2296 extremis
1146 2254 1280 2296 trium
1317 2253 1560 2296 orationum
1597 2251 1807 2305 versibus,

241 2327 348 2367 quos
395 2313 718 2369 interpolatoris
767 2313 1077 2355 additamentis
1123 2314 1189 2356 vir
1225 2313 1378 2355 doctus
1416 2312 1674 2368 depravatos
1713 2325 1808 2354 esse

239 2373 406 2415 statuit.
470 2372 527 2415 Et
557 2374 744 2429 primum
775 2376 825 2415 ut
860 2373 1061 2429 incipiam
1099 2386 1126 2415 a
1155 2372 1286 2416 rebus
1316 2371 1561 2424 levioribus,
1604 2371 1808 2439 judicabo

241 2431 295 2474 de
329 2434 532 2475 extremis
564 2432 760 2476 versibus
793 2433 1001 2489 septimae
1033 2433 1148 2490 regis
1181 2433 1400 2483 orationis,
1434 2445 1522 2486 qua
1552 2445 1646 2474 sese
1667 2432 1808 2487 ipsum

239 2492 284 2533 in
316 2491 494 2534 fratrem
525 2496 821 2548 pugnaturum
853 2506 947 2535 esse
978 2492 1055 2535 ait.
1120 2493 1178 2534 Hi
1207 2506 1358 2535 versus
1391 2492 1452 2534 sic
1482 2494 1657 2534 30113111.

454 2551 603 2601 τούτοις
631 2550 836 2600 πεποιθὼς
863 2551 938 2608 εἶμι
968 2553 1032 2594 καὶ
1064 2551 1303 2610 ξυστήσομαι

456 2611 586 2660 αὐτός·
621 2611 677 2660 τίς
704 2611 823 2660 ἄλλος
844 2612 995 2684 μᾶλλον
1027 2611 1304 2668 ἐνδικώτεροςς

454 2669 622 2729 ἄρχοντί
648 2670 823 2745 τ’ἰίρχων
854 2687 919 2712 και
949 2671 1167 2729 κασιγνήτῳ
1198 2671 1308 2719 κάσις

454 2729 608 2788 ἐχθρὸς
636 2729 706 2772 σὺν
739 2721 887 2788 ἐχθρῷ
915 2731 1118 2789 στήσομαι.
1150 2730 1245 2787 φέρ’
1276 2729 1334 2779 ὡς
1361 2730 1484 2787 τάχος
1547 2779 1551 2782 ⁴

242 2847 435 2889 Offendit
455 2789 832 2891 mllyiuccgtcecrulswiiiyg
844 2789 1449 2907 ἔὲύὴζετξῖρχῖΐζῗλᾷζὲἷὲἱν
1485 2846 1552 2888 καὶ
1582 2845 1809 2903 κασιγνήτῳ

242 2906 365 2955 κάσις,
405 2904 558 2963 ἐχθρὸς
585 2907 659 2948 σὺν
697 2906 842 2967 ἐχθρῷ
880 2908 1116 2966 στῆσομακ<.
1180 2909 1351 2951 Etenim
1388 2909 1433 2949 in
1471 2909 1567 2963 ipsa
1597 2906 1809 2948 enuntiati

241 2965 496 3008 fonnatione
529 2967 692 3021 aliquid
730 2968 870 3010 scabri
908 2969 1049 3011 inesse
1088 2969 1270 3024 putavit,
1311 2967 1427 3022 quod
1458 2965 1662 3009 membris
1692 2966 1809 3022 prio-

241 3024 361 3067 ribus
392 3030 509 3068 arcte
549 3027 787 3082 conjunctis
819 3027 1043 3082 particulis
1077 3042 1133 3068 τε-
1122 3026 1206 3068 -καί
1239 3028 1416 3070 tertium
1448 3026 1687 3068 adderetur
1717 3026 1809 3071 sine
