1858 3320
182 402 451 454 pugnaturus
483 411 578 439 cum
612 397 720 440 duce
753 396 879 438 modo
912 396 1137 452 descripto.
1202 397 1323 439 Hanc
1362 397 1416 439 ad
1456 412 1624 440 scena-m
1655 412 1752 454 per-

182 459 294 499 tinet
326 457 520 512 quaestio
551 456 625 498 illa
657 457 710 499 de
744 470 830 510 qua
860 470 974 498 nunc
1006 460 1070 499 cst
1106 457 1345 499 accuratius
1367 456 1595 511 agendum.
1642 457 1754 499 Nam

185 516 413 559 Richterus
440 516 607 572 judicat
642 515 754 558 »duo
794 516 962 557 diversa
993 516 1167 558 consilia
1196 516 1264 559 vel
1294 517 1436 572 potius
1457 515 1564 559 duas
1585 519 1754 559 contra-

182 577 267 618 rias
297 577 491 619 fictiones
517 576 576 618 sic
598 574 801 617 confundi
823 578 953 629 atque
975 576 1246 630 permisceri«
1282 580 1333 618 ut
1352 575 1494 619 facere
1516 590 1601 618 non
1622 576 1754 632 possi-

181 651 275 678 mus
322 637 426 690 quin
472 635 583 677 hanc
627 634 800 678 fabulae
847 638 1015 690 partem
1058 638 1154 691 post
1185 635 1437 692 Aeschylum
1476 639 1754 679 retractatam

183 710 273 738 esse
306 709 564 738 censeamus.

305 754 500 796 Primum
531 767 668 810 pauca
700 753 839 795 dicam
870 753 946 796 illa
978 753 1031 796 de
1063 754 1235 797 fictione
1268 767 1398 808 quam
1429 768 1505 796 suo
1540 755 1637 811 jure
1667 758 1755 797 sta-

183 814 269 856 tuit
300 814 539 856 Richterus.
600 813 835 868 Postquam
866 814 998 869 igitur
1039 828 1116 856 rex
1158 813 1323 856 audivit
1364 813 1755 870 Hippomedontem

182 874 382 915 sortitum
417 888 506 915 esse
538 872 756 915 Minervae
787 876 957 929 portam
989 876 1119 928 atque
1151 888 1241 916 sese
1268 874 1358 929 jam
1391 888 1524 930 prope
1553 888 1648 917 eam
1665 875 1755 930 jac-

184 937 290 984 tare,
326 933 379 975 de
413 932 495 974 dea
525 932 631 975 haec
663 932 785 975 dicit:

467 988 588 1050 εἶρξει
620 994 800 1034 νεοσσῶν)
832 992 891 1041 ὡς
919 992 1117 1049 δράκοντα
1149 992 1350 1051 δύσχιμον,

183 1051 237 1094 de
269 1051 489 1108 Hyperbio
521 1055 668 1094 autem
699 1053 758 1094 sic
788 1053 932 1108 pergit
962 1053 1007 1094 in
1037 1068 1105 1095 vv.
1129 1053 1212 1095 487
1237 1066 1350 1107 sqq.:

465 1108 674 1168 Ὑπέρβιος
701 1111 748 1153 δὲ
779 1111 920 1160 κεδνὸς
956 1109 1120 1160 Οἴνοπος
1147 1111 1260 1160 τόκος

466 1170 570 1228 ἀνὴο
603 1171 685 1212 κατ’
719 1170 852 1228 ἄνδρα
883 1173 1020 1213 τοῦτον
1050 1168 1196 1242 ᾑρέθη
1217 1169 1350 1212 θέλων

469 1229 719 1300 ἐξιστορῆσαι
744 1232 894 1303 μοῖραν
926 1231 968 1272 ἐν
992 1230 1120 1303 χρείᾳ
1151 1229 1273 1288 τύχης

467 1287 548 1332 οὔτ’
582 1289 691 1339 εἶδος
718 1288 810 1332 οὔτε
841 1288 971 1347 θυμὸν
1003 1288 1092 1331 οὔθ’
1125 1290 1258 1332 ὅπλων
1289 1289 1422 1348 σχέσιν

460 1349 662 1408 μωμητός,
694 1347 836 1408 Ἑρμῆς
864 1349 900 1391 δ’
932 1349 1111 1404 εὐλόγως·
1138 1349 1369 1407 συνήγαγεν.

184 1409 331 1452 Verba
365 1414 558 1452 extrema
589 1410 839 1466 accipienda
868 1414 969 1452 sunt
999 1410 1058 1452 sic
1089 1413 1138 1451 ut
1169 1424 1245 1453 rex
1285 1410 1399 1452 dicat
1428 1409 1539 1454 forte
1572 1410 1759 1465 quadam

181 1469 372 1512 secunda
403 1470 620 1525 oppositos
643 1484 731 1512 esse
754 1470 1146 1526 Hippomedontem
1167 1473 1212 1512 et
1233 1469 1514 1526 Hyperbium.
1562 1470 1758 1524 Namque

180 1530 275 1584 ipse
322 1543 419 1571 cum
457 1529 679 1585 Hyperbio
719 1529 938 1572 Minervae
985 1533 1155 1586 portam
1200 1530 1394 1572 traderet
1425 1529 1755 1582 defendendam,

183 1589 291 1631 scire
340 1603 427 1630 non
472 1589 616 1644 potuit
661 1590 706 1631 in
753 1604 852 1632 eum
889 1589 1282 1646 Hippomedontem
1319 1603 1408 1632 esse
1446 1593 1756 1645 pugnaturum:

183 1652 285 1704 apte
331 1649 465 1702 igitur
502 1649 740 1691 Mercurius
779 1650 967 1692 effecisse
1008 1649 1166 1692 dicitur
1201 1652 1251 1691 ut
1283 1649 1465 1691 eandem
1495 1653 1665 1705 portam
1695 1648 1758 1691 1111

156 1749 158 1752 ,
187 1708 446 1750 sortirentur
479 1723 661 1762 quorum
692 1712 813 1751 scuta
844 1709 976 1764 signis
1006 1709 1122 1751 inter
1152 1723 1196 1751 se
1229 1708 1484 1751 adversariis
1522 1709 1757 1765 6666111111-

181 1771 345 1810 structa
392 1765 498 1824 (vid.
529 1768 674 1810 Weilii
711 1767 891 1825 adnot.).
963 1769 1097 1810 Porro
1145 1768 1326 1811 eandem
1371 1769 1586 1810 fictionem
1629 1772 1759 1824 poeta

183 1827 276 1870 sine
309 1826 440 1870 dubio
475 1831 539 1870 est
569 1832 739 1870 secutus
771 1843 866 1870 cum
900 1828 953 1871 de
985 1828 1266 1884 Polyphonte,
1308 1828 1382 1882 qui
1413 1828 1644 1884 opponitur
1676 1827 1757 1870 Ca-

184 1901 336 1943 paneo,
370 1887 476 1930 haec
506 1888 639 1930 verba
669 1889 874 1930 scriberet
906 1887 990 1942 (vv.
1015 1889 1159 1931 430—
1165 1886 1290 1942 431):

457 1945 560 2018 ἀνὴρ
593 1946 628 1988 δ’
651 1945 712 1989 ἐτ’
745 1946 860 2003 αὐτῷ
887 1948 952 1989 καὶ
982 1947 1207 2004 στόμαργός
1234 1946 1312 1988 ἐστ’
1344 1945 1459 2001 ἄγαν,

459 2003 590 2048 αἴθων
622 2006 799 2048 τέτακται
828 2007 948 2064 λῆμα,
982 2005 1242 2063 Πολυφόντου
1269 2005 1354 2061 βία,

182 2065 350 2108 Deinde
381 2067 452 2107 vix
485 2066 684 2109 dubitare
715 2081 937 2122 possumus
969 2067 1072 2122 quin
1098 2068 1190 2123 ipse
1213 2066 1408 2109 Eteocles
1429 2080 1505 2109 rex
1526 2066 1606 2109 sibi
1627 2067 1758 2122 septi-

185 2139 300 2167 mam
332 2140 443 2192 quae
470 2127 624 2168 (11611111
644 2131 815 2182 poitam
835 2127 1108 2182 proposuerit
1130 2126 1456 2178 defendendam,
1489 2126 1608 2183 prius
1630 2139 1759 2194 quam

185 2185 313 2227 sciret
344 2186 389 2227 in
422 2200 518 2228 eam
548 2186 758 2241 impetum
788 2186 1003 2228 facturum
1036 2200 1124 2229 esse
1146 2186 1404 2244 Polynicem.
1467 2185 1590 2237 Quod
1617 2186 1652 2228 si
1674 2198 1759 2228 non

187 2248 439 2297 statuemus,
473 2259 559 2287 11011
590 2260 812 2301 possumus
843 2246 1085 2300 intelligere
1117 2262 1156 2288 v.
1180 2246 1286 2288 634:

475 2302 575 2360 ὤμοι
607 2319 760 2362 πατρος
788 2304 838 2363 δὴ
871 2306 939 2347 νῦν
970 2305 1069 2362 ἆραι
1100 2305 1336 2362 τελεσφόροι

188 2378 215 2405 a
248 2377 350 2418 rege
380 2365 720 2419 pronuntiatum,
755 2370 983 2421 postquam
1017 2365 1181 2409 audivit
1211 2366 1350 2421 ipsum
1381 2365 1560 2408 fratrem
1588 2367 1761 2420 portam

189 2424 416 2479 septimam
449 2438 537 2466 esse
570 2426 781 2467 sortitum.
846 2424 1049 2468 Ceterum
1079 2427 1210 2481 poeta
1240 2425 1320 2466 nisi
1352 2439 1451 2467 casu
1481 2424 1642 2466 factum
1670 2437 1760 2466 esse

187 2483 379 2525 ostendit
423 2487 473 2525 ut
518 2483 654 2527 frater
691 2488 875 2539 uterque
907 2485 1090 2527 eandem
1119 2487 1290 2540 portam
1322 2484 1403 2526 sibi
1435 2487 1638 2535 sumeret,
1674 2483 1760 2526 vim

187 2541 339 2598 Oedipi
384 2542 575 2585 dirarum
625 2558 712 2586 non
754 2545 857 2586 satis
902 2545 1022 2599 gravi
1064 2544 1255 2601 pondere
1300 2545 1471 2599 pressit:
1531 2544 1662 2585 immo
1708 2557 1760 2585 ex

185 2601 299 2643 illius
337 2616 455 2645 more
494 2603 650 2646 fratres
687 2608 867 2660 propter
896 2605 1033 2660 patris
1064 2604 1399 2647 exsecrationem
1431 2603 1553 2658 quasi
1582 2602 1673 2645 sato
1705 2602 1760 2644 ad

189 2661 364 2704 caedem
394 2666 591 2705 mutuam
623 2663 826 2706 destinati
858 2678 948 2707 esse
970 2667 1070 2706 sunt
1091 2663 1318 2718 cogitandi.
1367 2664 1418 2706 In
1440 2663 1593 2718 quinta
1613 2666 1759 2705 autem

188 2721 382 2764 oratione
413 2736 490 2763 rex
521 2722 586 2764 his
617 2724 754 2764 utitur
785 2724 944 2765 verbis:

476 2778 579 2824 ἔστιν
612 2781 658 2823 δὲ
689 2782 753 2823 καὶ
784 2782 881 2838 τῷδ’
916 2782 962 2824 ὃν
992 2782 1119 2836 λέγεις
1146 2782 1213 2824 τὸν
1243 2779 1410 2839 Ἀρκάὸα

476 2839 581 2897 ἀνὴρ
614 2839 796 2897 ἄκομπος.

190 2897 309 2940 Haec
341 2899 472 2940 verba
505 2914 604 2941 eum
636 2901 852 2956 aptissime
886 2902 1030 2944 dicere
1061 2916 1182 2957 posse
1215 2902 1252 2943 si
1278 2902 1367 2957 jam
1400 2905 1632 2955 antequam
1655 2899 1759 2955 quid

190 2958 445 3012 comperiret
467 2959 518 3000 de
541 2959 880 3018 Parthenopaeo,
911 2961 1112 3005 Actorem
1133 2961 1296 3004 Boreae
1317 2964 1468 3017 portae
1489 2959 1759 3017 praefecerit,

190 3030 316 3058 nemo
348 3018 538 3072 negabit.
