1858 3320
685 246 972 288 -11-

11 425 14 435 ,
48 382 95 424 et
121 380 236 434 regis
267 380 509 421 orationum
541 391 777 421 connexum
808 377 1015 428 ostendit,
1047 379 1180 431 atque
1212 389 1350 417 meam
1382 388 1611 428 argumen—

38 440 260 494 tationem
297 439 448 481 fulcire
485 437 675 488 videtur,
723 441 869 479 tamen
904 435 1022 478 haud
1053 436 1139 478 scio
1177 448 1233 477 an
1271 435 1328 476 sit
1364 432 1609 489 rejicienda.

7 497 198 555 {meque
236 499 350 540 enim
386 497 512 540 modo
557 496 875 553 interpretandi
921 495 1101 538 artificio
1132 494 1314 545 utimur,
1365 493 1443 535 sed
1481 493 1611 535 etiam

8 592 14 598 .
36 556 255 614 ’,κέρδειμ
277 557 393 614 quod
410 561 477 599 est
492 556 747 611 Argivorum
763 556 940 607 lucrum,
957 556 1182 598 invenuste
1199 553 1431 609 opponitur
1445 552 1612 594 lucrum

36 616 359 672 Thebanorum.
431 616 584 672 Itaque
621 617 855 671 receperim
892 614 1042 658 Keckii
1079 614 1388 669 conjecturam,
1433 626 1486 654 ex
1525 625 1613 667 qua

6 673 140 719 *floco
187 674 322 732 κέρδει
367 677 612 719 restituitur
656 674 810 730 κιξοπῳ.
886 675 979 716 Hoc
1010 673 1186 730 quidem
1224 671 1480 716 vocabulum
1520 672 1612 713 sine

8 762 14 783 5
32 736 189 779 “nuntii
219 735 411 778 clausula
455 749 632 791 prorsus
678 749 765 777 non
795 734 1068 789 intelligitur:
1118 732 1277 776 etenim
1307 732 1497 788 pertinet
1527 744 1613 772 non

9 827 13 832 »
35 798 139 838 'tam
155 794 212 838 ad
227 796 367 851 clypei
383 795 564 850 signum,
589 794 704 851 quod
721 798 788 837 est
805 793 1069 849 descriptum
1084 796 1186 835 ante
1205 793 1345 848 ipsam
1361 790 1611 841 clausulam,

1 889 10 902 .
37 864 198 911 quam,
238 858 288 897 ut
334 854 494 909 docent¹
529 854 855 909 subsequentia,
905 853 960 895 ad
997 853 1115 895 illam
1153 851 1479 908 protervitatem
1527 863 1615 905 qua

47 927 153 957 usus
183 914 228 956 in
259 915 401 970 ipsum
431 913 582 956 Jovem
613 912 746 955 verba
777 912 965 969 superba
996 912 1222 968 Capaneus
1259 911 1441 953 fundere
1474 909 1614 951 (lictus

8 978 156 1025 ferat.
233 973 466 1029 Aptissime
512 973 645 1027 igitur
690 972 909 1015 vocabulis
956 969 1088 1027 ἄνδρα
1129 969 1383 1025 κομπάζοντα
1420 969 1477 1012 ad
1517 983 1612 1012 eam

0 1032 9 1064 :¹
43 1032 298 1088 Jactantiam
328 1032 565 1074 reflectitur
586 1032 723 1074 oratio
744 1036 794 1074 ut
813 1031 924 1075 hanc
944 1031 1000 1073 ad
1022 1045 1113 1074 rem
1134 1046 1211 1073 rex
1233 1044 1356 1072 suam
1377 1029 1614 1072 orationem

0 1090 9 1130 ἶ
34 1093 186 1149 'possit
216 1092 464 1147 adjungere.
525 1091 692 1134 Tertiae
725 1091 882 1134 deinde
914 1091 1119 1133 orationis
1151 1089 1361 1132 clausulat

0 1151 4 1166 ¹
334 1152 399 1192 καὶ
428 1151 536 1208 τῷδε
567 1152 671 1208 φωτὶ
701 1150 829 1207 πέμπε
860 1150 926 1192 τὸν
957 1149 1180 1207 φερέγγυον

335 1210 491 1260 πόλεως
517 1210 718 1268 ἀπειργειν
748 1209 870 1269 τῆσδε
901 1209 1056 1252 δούλιον
1088 1209 1206 1264 ζυγόν

51 1297 104 1304 -—-
129 1270 286 1327 quibus
316 1271 362 1313 in
392 1270 536 1314 verbis
565 1269 694 1327 πέμπε
723 1271 1003 1326 imperativus
1035 1269 1186 1312 eadem
1216 1283 1269 1312 ex
1290 1282 1336 1310 re
1357 1267 1615 1321 intelligitur

4 1354 5 1357 ¹
36 1334 180 1386 eatque
227 1331 469 1373 orationum
514 1331 704 1387 priorum
745 1330 1107 1385 interrogationes
1150 1356 1204 1362 ——
1246 1328 1358 1371 bene
1405 1327 1616 1383 excipitur

0 1406 3 1415 ι
50 1391 200 1447 primis
231 1391 344 1446 regis
376 1390 581 1432 orationis
612 1389 772 1432 verbis:

335 1448 514 1506 πέμποιμ’
545 1449 595 1491 ἂν
625 1448 704 1507 ἤδη
736 1449 854 1505 τῷδε,
886 1448 957 1490 σὺν
988 1448 1087 1507 τύχῃ
1119 1447 1166 1490 δέ
1196 1463 1255 1504 τῳ

335 1510 399 1551 καὶ
430 1509 481 1566 δὴ
513 1509 730 1565 πέπεμπται
759 1508 906 1565 κόμπον
937 1508 980 1551 ἐν
1004 1510 1148 1567 χεροῖν
1179 1506 1287 1566 ἔχων

340 1568 558 1626 Μεγαρεύς.

51 1627 161 1670 Nam
207 1629 358 1670 nuntio
405 1629 596 1671 monenti
632 1632 682 1670 ut
712 1629 859 1671 mittat
905 1642 1003 1671 eum
1056 1629 1129 1684 qui
1167 1626 1222 1670 ab
1261 1626 1434 1669 Eteoclo
1480 1625 1618 1681 possit

50 1687 202 1730 urbem
225 1687 457 1731 defendere
490 1703 566 1731 rex
597 1688 831 1744 respondet
862 1702 956 1730 sese
985 1702 1110 1739 nunc,
1145 1689 1180 1729 si
1210 1686 1350 1738 liceat,
1385 1686 1616 1727 missurum

35 1751 145 1790 'esse
178 1747 447 1802 Megareum,
487 1747 563 1790 sed
594 1747 705 1790 forte
738 1747 926 1803 quadam
958 1748 1145 1790 secunda
1181 1746 1367 1790 eundem
1399 1745 1489 1801 jam
1522 1758 1616 1787 esse

49 1808 246 1849 missum:
299 1807 362 1850 ait
399 1809 531 1862 igitur
567 1807 683 1863 quod
714 1812 763 1850 ut
799 1808 925 1850 fieret
970 1808 1148 1850 nuntius
1194 1806 1425 1857 monuerit,
1466 1818 1618 1847 revera

50 1880 145 1910 esse
175 1867 348 1910 factum.
411 1867 508 1910 ζ111111
540 1881 641 1910 vero
673 1867 764 1909 sine
797 1871 978 1923 quartae
1010 1867 1216 1909 orationis
1249 1865 1461 1909 clausula:

32 1931 40 1940 ’
333 1926 487 1968 τοιοῦδε
518 1925 655 1983 φωτὸς
683 1929 824 1983 πεῖραν
855 1924 901 1968 εὖ
931 1926 1163 1982 φυλακτέον.
1189 1971 1191 1973 ‚

333 1985 467 2042 φόβος
493 1986 570 2043 γὰρ
603 1984 681 2044 ἤδη
713 1986 814 2042 πρὸς
842 1985 980 2035 πύλαις
1006 1986 1243 2043 κομπάζεται

33 2046 214 2102 priores
247 2046 358 2100 regis
381 2046 585 2088 orationis
606 2060 755 2088 versus
777 2044 1051 2103 (484—491)
1085 2050 1200 2088 stare
1221 2059 1307 2088 non
1329 2059 1454 2101 posse
1477 2044 1616 2099 quivis

14 2104 255 2155 scone-edet
286 2106 360 2161 qui
392 2109 541 2148 utatur
577 2119 681 2147 sano
710 2106 888 2162 judicio:
923 2106 1082 2151 etenim
1115 2107 1197 2148 nisi
1229 2106 1406 2148 nuntius
1439 2104 1619 2146 dixisset

50 2163 104 2206 ab
128 2165 473 2221 Hippomedonte
506 2180 719 2207 summum
750 2166 973 2208 imminere
1000 2166 1252 2222 periculum,
1286 2180 1372 2207 non
1402 2163 1617 2217 intellige-

50 2238 194 2267 remus
226 2239 301 2267 cur
321 2239 397 2267 rex
418 2225 529 2268 hanc
549 2226 786 2267 orationem
820 2226 881 2268 sic
910 2226 1158 2268 institueret
1179 2230 1228 2267 ut
1247 2226 1433 2281 primum
1458 2224 1619 2266 diceret

49 2284 187 2340 ipsam
209 2283 445 2327 Minervam
475 2284 628 2327 urbem
661 2299 755 2327 esse
787 2285 1046 2341 adjuturam,
1081 2285 1238 2327 deinde
1261 2284 1493 2339 subjiceret
1524 2283 1618 2338 ejus

51 2341 344 2386 adversarium
367 2358 461 2387 esse
484 2344 766 2400 Hyperbium.
821 2344 962 2400 Atque
994 2345 1208 2400 quomodo
1237 2358 1451 2386 summum
1473 2343 1618 2398 Argivi

50 2403 248 2446 timorem
302 2404 479 2446 nuntius
523 2405 666 2460 aptius
713 2404 855 2460 potuit
902 2405 1142 2459 significare
1195 2419 1325 2460 quam
1371 2403 1438 2445 his
1476 2402 1619 2445 verbis

0 2480 1 2513 j
55 2476 176 2504 usus:
216 2463 319 2505 »viri
352 2467 568 2506 certamen
602 2468 646 2506 et
675 2464 861 2519 impetus
892 2463 1004 2507 bene
1028 2468 1130 2507 sunt
1161 2463 1373 2512 cavenda;
1404 2477 1505 2504 nain
1538 2461 1618 2504 sub

50 2522 155 2578 ipsis
187 2523 322 2577 portis
349 2522 488 2577 jactat
518 2523 591 2565 ille
622 2523 810 2566 hostium
842 2526 1091 2567 terrorem«
1157 2523 1324 2566 Videtis
1355 2536 1500 2577 regem
1524 2536 1619 2564 cum

52 2580 227 2623 consilio
249 2583 437 2638 incipere
459 2584 697 2626 orationem
719 2582 771 2624 de
795 2582 901 2625 deae
924 2584 1062 2626 tutela
1083 2587 1126 2626 et
1149 2583 1202 2626 de
1230 2584 1321 2625 viro
1349 2581 1618 2638 opponendo.

53 2640 240 2684 Tandem
272 2642 316 2683 in
349 2646 498 2685 sextae
531 2643 670 2685 nuntii
703 2643 906 2684 orationis
940 2644 1057 2686 exitu
1087 2643 1193 2686 haec
1224 2643 1423 2698 legimus:

337 2700 465 2756 τούτῳ
496 2701 650 2757 σοφούς
678 2716 719 2743 τε
750 2701 955 2755 κάγαθοὺς
982 2702 1203 2760 ἀντηρέτας

339 2759 499 2816 πέμπειν
530 2760 691 2803 ἐπαινῶ·
723 2760 853 2810 δεινὸς
881 2762 927 2811 ὃς
955 2761 1078 2811 θεοὺς
1106 2761 1227 2817 σέβει.

52 2819 172 2871 Quae
217 2819 349 2863 verba
387 2821 447 2862 sic
477 2835 706 2876 possumus
753 2822 1028 2878 interpretari
1076 2826 1125 2864 ut
1161 2822 1359 2864 nuntium
1409 2821 1618 2864 dicentem

52 2878 259 2922 faciamus
295 2879 471 2922 »hortor
502 2884 551 2922 ut
580 2879 678 2923 huic
710 2881 939 2923 mittantur
960 2881 1059 2923 boni
1087 2880 1307 2938 fortesque
1330 2880 1619 2930 advers-arii„

52 2952 194 2995 neque
241 2942 384 2982 tamen
424 2939 514 2982 ulla
549 2954 595 2983 re
634 2939 913 2996 prohibemur
956 2942 1185 2998 quominus
1223 2956 1275 2984 cx
1315 2941 1453 2984 altera
1498 2940 1619 2983 verbi

54 2993 229 3039 ἐπαινεῖν
259 2999 572 3054 significatione
604 3004 845 3043 statuamus
868 3000 999 3044 talem
1033 3002 1169 3044 nuntii
1192 3002 1431 3045 orationem
1465 2999 1619 3044 »laudo
