1858 3320
672 229 963 271 ..29-

40 362 213 417 nuptias
259 361 495 403 destinatas
540 372 633 401 esse
680 372 706 399 a
735 358 855 409 Jove,
888 371 1027 412 neque
1058 370 1179 424 posse
1210 357 1336 399 vitari
1367 356 1493 411 hujus
1525 370 1598 399 vo-

38 420 264 464 luntatem.
326 420 456 474 Postq
456 432 557 461 uam
587 421 732 459 autem
763 416 949 459 famulae
979 430 1066 458 non
1095 416 1186 458 sine
1207 416 1272 457 ira
1293 415 1600 482 quaerentibus

41 483 345 523 concesserunt
387 492 478 521 sese
524 476 701 520 consilia
746 476 892 518 divina
936 489 1021 518 non
1067 489 1188 541 posse
1219 475 1434 529 augurari,
1468 479 1599 529 atque

0 529 16 574 ⁸
39 538 120 582 hac
186 538 399 581 modestia
462 536 639 592 placatis
696 538 926 578 suaserunt
981 548 1036 577 ne
1088 533 1293 576 curiosius
1329 533 1601 588 inquirerent

0 635 12 663 ,
40 597 220 640 deorum
265 591 542 647 voluntatem,
592 595 749 637 desinit
787 595 896 636 rixa.
944 607 1058 636 nunc
1087 593 1275 635 universi
1305 607 1464 644 omnes,
1498 592 1600 634 dum

4 666 14 694 Ι
41 657 95 700 de
125 670 253 699 scena
283 656 456 706 abeunt,
489 659 535 697 et
563 654 692 697 herae
724 657 769 696 et
798 653 984 695 famulae
1017 657 1061 695 et
1080 666 1156 695 rex
1178 653 1354 708 ejusque
1375 652 1600 719 pedisequi

0 707 13 754 ⁸.
40 714 182 758 denuo
213 729 241 758 a
270 715 352 758 deo
381 714 568 758 maximo
598 716 829 768 precantur
859 716 908 755 ut
938 716 1084 754 arceat
1120 712 1292 766 nuptias
1329 712 1598 766 perniciosas.

7 824 9 827 .
40 774 208 817 Deinde
258 775 302 816 in
355 779 547 816 extrema
591 774 740 827 Agam.
785 771 957 814 fabulae
1001 785 1129 813 scena
1175 770 1292 814 chori
1336 785 1458 813 senes
1504 781 1601 813 cum

8 882 9 887 Ἰ
41 833 248 888 Aegistho
277 847 364 876 non
394 833 520 876 modo
566 832 844 874 acerbissimis
889 831 1029 873 verbis
1074 831 1188 884 regis
1219 844 1367 873 necem
1395 831 1598 886 jactante,

40 893 117 935 sed
164 893 293 936 etiam
339 892 580 935 hominibus
624 891 704 932 sibi
741 891 956 933 restituris
986 903 1145 944 poenas
1177 889 1444 943 gravissimas
1474 890 1600 931 mini-

0 949 11 987 -ῑ
39 955 174 1003 tante,
215 951 476 994 decertatum·
513 954 615 991 sunt
645 949 817 1004 gladiis:
856 949 962 992 haec
993 963 1062 990 res
1091 948 1262 990 funesta
1291 949 1545 1003 prohibetur
1574 962 1602 990 a

0 1012 6 1055 ’Τ
38 1011 190 1066 regina
208 1011 251 1052 in
273 1023 443 1053 scenam
463 1009 708 1059 festinante,
734 1022 844 1063 quae
881 1008 1090 1049 iratorum
1119 1008 1272 1049 animis
1295 1008 1469 1050 mollitis
1490 1021 1601 1051 nova

2 1099 5 1106 ι
38 1069 201 1113 scelera
215 1069 523 1112 committenda
538 1068 758 1110 dissuadet
773 1071 904 1122 atque
919 1066 1148 1122 pollicetur
1164 1081 1257 1109 sese
1274 1081 1361 1109 una
1378 1082 1473 1109 cum
1490 1081 1600 1110 novo

38 1130 218 1185 conjuge
240 1128 384 1172 omnia
403 1129 513 1170 bene
536 1142 624 1170 esse
647 1128 995 1182 gubernaturam.
1028 1126 1079 1168 In
1101 1125 1286 1180 Choeph.
1309 1131 1455 1169 autem
1475 1126 1600 1169 fabu-

0 1185 8 1236 ζ’.
38 1187 107 1231 lae
139 1188 259 1230 exitu
280 1187 455 1230 Orestes
476 1187 714 1242 praesentit
733 1201 826 1229 sese
846 1189 1023 1241 propter
1044 1189 1226 1228 matrem
1254 1190 1450 1228 necatam
1471 1199 1600 1228 vexa-

0 1262 3 1303 ;
38 1250 133 1290 tum
163 1248 216 1289 iri
247 1261 274 1289 a
304 1246 463 1288 Furiis:
498 1248 674 1302 ejusque
705 1246 871 1292 animus
900 1244 1045 1287 furore
1077 1248 1207 1300 atque
1238 1246 1427 1287 tenebris
1449 1246 1600 1288 obscu-

0 1315 3 1317 ’
38 1310 162 1348 ratur
182 1319 318 1361 eoque
340 1306 551 1360 abripitur
570 1309 620 1347 ut
645 1306 737 1360 ipse
765 1304 892 1348 domo
913 1304 1140 1371 patriaque
1163 1304 1363 1359 pellatur.
1403 1305 1601 1359 Virgines

0 1373 3 1405 Ι
39 1369 200 1416 autem,
234 1365 336 1407 dum
366 1365 440 1407 ille
462 1365 515 1407 de
536 1378 664 1408 scena
685 1365 787 1415 abit,
821 1364 972 1406 domus
999 1364 1143 1418 regiae
1166 1363 1280 1406 mala
1301 1367 1346 1406 et
1365 1365 1601 1419 praeterita

0 1476 1 1481 Ἰ
2 1429 86 1467 et
134 1425 378 1479 praesentia
426 1424 655 1479 deplorant
701 1428 746 1466 et
798 1423 1048 1466 dubitanter
1097 1427 1367 1477 augurantur
1417 1423 1599 1466 salutem

38 1482 242 1526 futuram.
306 1483 661 1538 splendidissime
681 1497 807 1538 porro
828 1483 978 1524 finitur
1006 1485 1199 1525 extrema
1220 1483 1416 1538 trilogiae
1438 1482 1597 1525 fabula.

42 1542 241 1598 Namque
271 1548 500 1599 postquam
522 1543 680 1585 Furiae
702 1542 863 1584 civibus
885 1542 1004 1584 novis
1026 1542 1107 1584 sibi
1127 1541 1250 1584 sedes
1271 1541 1602 1585 concedentibus

39 1606 142 1644 sunt
187 1601 430 1656 gratulatae
469 1606 513 1644 et
543 1602 843 1644 salutaverunt
888 1601 1005 1652 deos,
1055 1602 1307 1655 quibuscum
1353 1605 1600 1644 versaturae

39 1665 185 1704 essent
213 1662 258 1703 in
280 1661 432 1704 eadem
453 1662 572 1711 urbe,
605 1660 823 1703 Minervae
850 1661 988 1716 jussu,
1022 1673 1135 1716 quae
1165 1661 1270 1715 ipsa,
1303 1663 1353 1702 ut
1373 1665 1601 1716 sequentes

41 1720 198 1763 ducere
230 1720 450 1771 videatur,
482 1720 628 1775 paullo
659 1721 777 1775 prius
807 1734 898 1762 sese
930 1719 1146 1769 abituram
1179 1733 1272 1762 esse
1304 1721 1366 1762 ait
1396 1718 1454 1777 (v.
1479 1720 1599 1775 981),

40 1779 147 1823 haec
168 1780 334 1822 exsistit
353 1793 510 1834 pompa
530 1783 580 1822 ut
599 1779 848 1834 praeferant
881 1778 995 1822 faces
1017 1778 1124 1821 deae
1146 1779 1366 1821 ministrae
1389 1779 1474 1832 (vv.
1499 1780 1598 1831 983,

41 1837 367 1895 1000—1003)‚
397 1839 711 1893 subsequantur
731 1843 876 1881 autem
898 1842 942 1881 et
963 1838 1248 1893 Areopagitae
1269 1838 1353 1894 (vv,
1377 1839 1463 1881 988
1485 1837 1601 1896 sqq.)

39 1901 85 1941 et
103 1898 219 1953 ipsae
240 1897 407 1941 Furiae.
451 1897 557 1940 Inde
580 1911 752 1941 carmen
775 1901 975 1941 cantatur
994 1911 1021 1939 a
1041 1898 1391 1952 prosequentium
1414 1902 1598 1949 caterva,

39 1970 124 2012 quo
170 1956 319 2000 Noctis
364 1957 534 2012 puellae
581 1957 851 2012 grandaevae
898 1957 978 1999 sub
1029 1956 1169 1999 hilara
1213 1971 1372 2012 pompa
1424 1957 1598 2000 domum

37 2015 272 2072 procedere
298 2017 516 2072 jubentur,
551 2021 601 2059 ut
630 2018 672 2058 in
707 2016 880 2059 sedibus
899 2016 1156 2059 venerandis
1184 2017 1397 2071 accipiant
1416 2016 1600 2060 honores

38 2079 170 2130 atque
215 2075 574 2125 immolationem3
605 2076 670 2119 bis
715 2079 861 2118 autem
907 2089 1062 2131 praeco
1107 2075 1212 2130 quid
1256 2076 1464 2131 interjicit
1511 2090 1596 2131 quo

38 2147 186 2177 omnes
216 2135 329 2177 cives
374 2135 530 2189 linguis
561 2134 705 2178 favere
732 2135 896 2190 jubeat.
974 2134 1141 2177 Deinde
1179 2134 1330 2177 eadem
1370 2139 1544 2179 caterva
1574 2148 1601 2177 a

38 2192 72 2236 F
73 2194 177 2236 uriis
227 2195 585 2250 subsequentibus
635 2195 746 2249 petit
791 2197 840 2236 ut
889 2198 1092 2237 maneant
1142 2194 1238 2236 urbi
1284 2195 1326 2236 in
1375 2199 1599 2238 aeternum

37 2252 289 2296 benevolae:
348 2267 497 2308 pacem
549 2267 641 2296 esse
692 2253 852 2296 factam
910 2254 1275 2296 consentientibus
1322 2253 1448 2305 Jove,
1497 2268 1599 2309 rege

39 2310 257 2368 Olympio,
306 2317 350 2356 et
381 2311 534 2363 Parca,
584 2326 694 2367 quae
740 2313 963 2355 numinum
1008 2316 1203 2356 veterum
1242 2317 1391 2356 teneat
1435 2319 1599 2369 partes;

37 2371 103 2415 bis
133 2375 278 2414 autem
308 2371 424 2415 idem
455 2386 609 2427 praeco
640 2375 787 2415 monet
817 2373 930 2414 cives
961 2375 1011 2414 ut
1048 2372 1304 2415 clamoribus
1341 2373 1599 2416 comitentur

38 2435 254 2474 canentes.
315 2431 468 2474 Restat
490 2432 628 2474 exitus
649 2430 767 2474 Pers.
799 2430 984 2473 fabulae.
1053 2431 1135 2474 Hic
1166 2433 1307 2474 exitus
1342 2432 1451 2475 bene
1484 2447 1598 2475 com-

37 2490 181 2545 parari
211 2494 354 2545 potest
384 2505 480 2534 cum
500 2491 599 2540 fine,
633 2491 803 2545 qualem
836 2491 928 2545 ipse
950 2489 1185 2546 Aeschylus
1209 2490 1325 2545 Sept.
1349 2492 1598 2547 tragoediae

39 2549 268 2605 subjecisse
314 2548 498 2592 videtur.
576 2549 771 2605 Namque
809 2550 886 2591 illa
915 2550 960 2591 in
1005 2549 1230 2604 tragoedia
1275 2564 1399 2593 senes
1432 2555 1476 2593 et
1507 2565 1596 2602 rex,

37 2612 268 2663 postquam
299 2612 429 2651 antea
458 2608 623 2663 amplos
655 2609 798 2651 luctus
829 2608 1059 2651 ediderunt
1079 2609 1132 2651 de
1156 2608 1381 2651 Persarum
1405 2611 1599 2665 potentia

38 2666 190 2719 fracta,
222 2666 331 2710 adeo
353 2671 675 2710 commoventur
696 2681 889 2711 maerore
912 2672 959 2710 ut
986 2669 1167 2711 invicem
1191 2682 1406 2723 perpauca
1426 2673 1596 2712 tantum

38 2726 172 2769 verba
201 2726 428 2769 effundant
455 2726 721 2781 plangentes.
784 2727 894 2770 Huic
926 2727 1060 2770 luctui
1099 2731 1166 2770 est
1195 2728 1437 2771 simillimus
1469 2743 1597 2784 quem

39 2785 192 2827 tribuit
221 2789 351 2840 poeta
380 2790 526 2828 nostra
556 2787 600 2828 in
631 2785 778 2829 sabula
799 2787 1038 2840 Antigonae
1071 2791 1116 2829 et
1136 2786 1332 2830 Ismcnae
1365 2789 1595 2831 sororibus,

39 2843 150 2887 Nam
195 2844 397 2900 equidem
439 2859 524 2887 nou
570 2844 695 2888 video
727 2859 812 2901 quo
855 2847 950 2902 jure
981 2845 1195 2900 Bergkius
1240 2846 1352 2889 hunc
1399 2851 1596 2890 mutuum

39 2917 234 2947 sororum
279 2903 500 2958 planctum
537 2918 624 2947 una
670 2919 766 2948 cum
798 2918 926 2948 scena
971 2906 1251 2961 subsequenti
1289 2908 1506 2949 censuerit
1543 2908 1597 2949 ab

40 2962 252 3019 Aeschylo
283 2978 373 3006 esse
410 2962 761 3018 abjudicandum:
799 2965 959 3007 errabit
991 2965 1103 3007 enim
1150 2966 1186 3007 si
1219 2965 1312 3020 quis
1352 2967 1599 3019 opinabitur
