1858 3320
241 369 395 411 cantici
443 367 748 423 subsequentis
795 366 983 422 proodus
1023 367 1297 410 commotiore
1329 366 1528 422 rhythmo
1558 369 1807 424 composita.

238 428 338 470 Jam
369 427 523 483 reliqui
555 431 655 470 sunt
688 427 915 482 anapaesti
935 425 1058 468 Jonis
1090 425 1143 468 de
1172 440 1303 469 scena
1335 426 1598 471 decedentis.
1643 427 1808 470 Horum

238 501 443 530 versuum
474 486 593 529 locus
625 486 717 542 ipse
748 500 827 542 per
858 500 904 527 se
931 484 1064 527 habet
1086 487 1272 541 speciem
1295 486 1587 542 antiquitatis:
1620 500 1808 542 namque

238 548 404 589 monuit
420 546 715 602 Westphalius
739 549 1000 600 anapaestos
1023 558 1175 587 scenas
1198 545 1503 588 concludentes
1525 546 1580 589 ab
1597 545 1809 602 Aeschylo

239 607 491 661 saepissime
523 605 676 648 mediis
708 605 753 646 in
783 604 1023 659 tragoediis
1057 618 1151 647 esse
1182 606 1359 660 positos,
1394 605 1471 647 sed
1503 605 1564 648 sic
1586 619 1613 648 a
1632 606 1808 660 tragicis

241 666 552 721 posterioribus
584 665 830 720 repudiatos
861 668 910 706 ut
942 665 997 706 ab
1027 665 1080 706 iis
1111 663 1202 708 fere
1233 679 1316 708 non
1338 665 1383 706 in
1405 679 1532 707 usum
1551 669 1809 708 vocarentur

238 726 321 767 nisi
352 726 396 767 in
427 726 522 780 ipso
554 723 879 778 tragoediarum
911 724 1042 766 exitu.
1093 723 1178 767 Sed
1210 737 1475 780 quamquam
1506 724 1612 767 mihi
1633 724 1807 781 quidem

238 789 410 828 constat
457 798 509 826 ex
555 784 678 826 initio
726 784 859 825 etiam
891 787 1151 838 argumenta
1183 788 1519 839 anapaestorum
1551 785 1807 839 pertinuisse

239 844 295 886 ad
327 857 610 899 personarum
643 843 820 894 abitum,
853 846 1001 885 tamen
1028 843 1121 898 jam
1144 843 1261 898 apud
1281 844 1422 899 ipsum
1442 843 1702 900 Aeschylum
1721 843 1807 886 illis

239 903 429 945 numeris
463 903 772 958 subsequentia
803 901 943 945 solent
974 903 1242 958 praeparari.
1304 903 1372 945 Sic
1404 901 1524 946 Pers.
1556 902 1734 946 fabulae
1764 908 1807 947 et

237 979 302 1005 vv.
323 963 557 1005 530—545
582 966 625 1005 et
641 962 891 1013 621—630,
917 961 1032 1018 Sept.
1051 978 1117 1005 vv.
1138 963 1385 1012 804—813,
1409 961 1557 1018 Suppl.
1576 978 1641 1006 vv.
1659 963 1805 1006 605-

237 1023 337 1073 609,
387 1021 538 1076 Agam.
571 1037 638 1064 vv.
662 1022 897 1064 342—353
944 1021 1025 1064 hoc
1064 1036 1197 1064 unum
1236 1026 1435 1078 spectant
1466 1025 1515 1064 ut
1546 1026 1812 1079 praeparent

236 1082 430 1123 carmina
460 1081 669 1136 proxima.
733 1080 840 1122 Aliis
871 1080 977 1123 locis
1009 1081 1280 1123 traducimur
1312 1082 1564 1137 anapaestis
1597 1081 1655 1124 acl
1679 1096 1808 1137 argu-

236 1145 429 1183 mentum
449 1141 644 1196 ipsarum
665 1154 895 1182 scenarum
917 1141 1291 1196 subsequentium:
1325 1154 1515 1196 namque
1545 1141 1591 1183 in
1619 1140 1808 1198 Choeph.

236 1199 386 1243 sabula
417 1205 649 1256 postquam
682 1199 856 1241 Orestes
891 1200 998 1242 abiit
1028 1214 1117 1242 una
1148 1214 1245 1242 cum
1276 1204 1416 1243 matre
1446 1201 1492 1242 in
1512 1201 1692 1255 regiam,
1723 1202 1810 1244 vir-

237 1260 358 1314 gines
389 1260 579 1302 numeris
613 1259 904 1314 anapaesticis
936 1263 1108 1302 utentes
1140 1264 1375 1315 precantur
1405 1264 1460 1302 ut·
1474 1259 1810 1315 Agamemnonis

237 1333 388 1362 manes
420 1319 686 1374 opitulentur
715 1318 804 1361 filio
837 1323 1007 1374 patrem
1037 1318 1202 1369 ultur03
1234 1320 1276 1361 in
1313 1319 1507 1375 ejusdem
1537 1319 1714 1363 fabulae
1741 1335 1808 1365 vv,

238 1379 471 1421 848—861
509 1382 656 1434 aperte
705 1378 861 1420 dicitur
909 1378 962 1420 de
1010 1378 1144 1421 caede
1191 1379 1350 1430 futura,
1385 1383 1617 1435 postquam
1646 1393 1722 1422 rex
1754 1379 1809 1422 de

237 1452 367 1480 scena
400 1438 598 1480 decessit.
661 1437 806 1480 Unum
835 1442 1005 1480 tantum
1035 1439 1180 1482 inveni
1212 1437 1455 1493 exemplum
1481 1438 1599 1494 quod
1619 1439 1811 1482 ostendit

237 1501 500 1553 anapaestos
518 1497 575 1539 ad
591 1511 804 1553 personae
821 1497 1048 1553 cujusdam
1065 1499 1229 1541 abitum
1250 1499 1533 1554 pertinentes:
1556 1499 1807 1550 recitantur,

234 1561 283 1600 ut
330 1561 477 1613 aperte
526 1557 682 1600 docent
727 1557 940 1600 vocabula
981 1556 1144 1614 »μηκέθ
1186 1555 1400 1613 ἐσέλθῃᾳκ,
1447 1558 1599 1613 Agam.
1631 1557 1807 1601 fabulae

233 1632 299 1659 vv.
327 1617 619 1659 1285—1288
652 1616 755 1658 dum
787 1615 1038 1659 Cassandra
1070 1618 1161 1660 abit
1190 1618 1236 1658 in
1258 1617 1432 1660 domum
1452 1619 1631 1672 regiam.
1671 1616 1807 1661 Porro

234 1691 317 1719 non
352 1676 612 1718 offendimur
644 1675 761 1731 quod
791 1677 943 1719 tribuit
974 1681 1104 1731 poeta
1137 1681 1400 1732 anapaestos
1427 1677 1510 1733 ipsi
1528 1677 1650 1721 Joni:
1683 1691 1807 1720 nam-

237 1750 320 1791 que
353 1735 456 1778 dum
486 1736 715 1791 profitetur
747 1749 841 1778 sese
874 1735 1016 1779 denuo
1048 1737 1199 1779 vexari
1230 1735 1374 1779 furore
1408 1741 1539 1793 atque
1571 1736 1804 1789 doloribus,

236 1795 344 1837 adeo
376 1800 424 1837 ut
456 1795 588 1837 aliam
610 1795 656 1837 in
686 1799 851 1837 terram
883 1796 1138 1851 abripiatur,
1171 1796 1269 1851 ipsa
1301 1796 1431 1839 affert
1456 1810 1634 1839 causam
1654 1811 1732 1839 eur
1751 1797 1806 1840 de

235 1869 366 1897 scena
396 1854 583 1897 festinet.
648 1853 850 1897 Ceterum
880 1870 967 1898 non
999 1856 1141 1897 minus
1171 1859 1272 1910 apte
1289 1855 1508 1910 Antigona
1529 1855 1632 1898 dum
1654 1870 1682 1898 a
1702 1855 1805 1899 Cre-

234 1915 346 1957 ontis
386 1913 559 1956 famulis
599 1915 645 1956 in
676 1928 895 1957 carcerem
928 1914 1157 1957 abducitur
1188 1914 1247 1971 (v.
1272 1913 1390 1972 939),
1433 1915 1626 1971 loquitur
1657 1929 1806 1958 versus

236 1975 539 2029 anapaesticos
573 1974 806 2016 937—943
820 1971 876 2030 δὲ).
941 1974 1137 2017 Tandem
1169 1988 1246 2016 suo
1273 1975 1371 2029 jure
1402 1974 1640 2030 Aeschylus
1671 1989 1805 2018 unum

235 2038 408 2075 tantum
439 2033 762 2089 hypermetrum
794 2033 916 2075 dedit
945 2032 1063 2076 Jom':
1112 2048 1300 2089 namque
1330 2034 1450 2088 virgo
1482 2035 1643 2077 misera
1675 2039 1806 2092 atque

237 2092 475 2137 furibunda
506 2093 721 2147 cogitatur
751 2093 878 2148 quasi
907 2091 1167 2136 festinanter
1198 2093 1251 2135 de
1283 2107 1415 2136 scena
1446 2093 1634 2138 avolare.

355 2151 480 2194 Nunc
510 2153 628 2196 venit
659 2152 897 2207 disputatio
931 2152 988 2194 ad
1022 2153 1216 2208 ejusdem
1237 2153 1415 2208 virginis
1437 2154 1652 2196 canticum
1673 2152 1803 2196 doch-

236 2212 442 2255 miacum:
476 2226 664 2267 namque
695 2211 990 2266 Westphalius
1023 2216 1066 2255 et
1095 2213 1141 2254 in
1173 2213 1314 2268 operis
1336 2213 1504 2255 metrici
1522 2213 1739 2256 volumine
1760 2213 1803 2256 II

233 2269 295 2329 (p.
319 2270 519 2328 XLVIII)
552 2276 594 2314 et
625 2272 671 2313 in
691 2271 1006 2327 prolegomenis
1029 2270 1090 2328 (p.
1109 2270 1154 2328 8)
1175 2272 1256 2314 hoc
1277 2273 1493 2315 canticum
1514 2273 1570 2316 ab
1592 2271 1803 2328 Aeschylo

234 2330 571 2377 abiudicandum
617 2331 785 2373 censuit
831 2331 948 2386 quod
996 2332 1051 2374 ab
1082 2332 1179 2387 ipsa
1211 2331 1305 2375 sola
1335 2332 1499 2386 virgine
1531 2336 1801 2375 cantaretur:

233 2390 393 2432 etenim
424 2390 545 2432 illum
577 2391 749 2433 cantica
781 2394 857 2433 aut
887 2390 1017 2433 choro
1048 2392 1249 2435 universo
1282 2396 1359 2434 aut
1380 2391 1559 2447 singulis
1587 2391 1802 2435 choreutis

233 2449 302 2491 vel
335 2451 505 2492 cantica
538 2451 776 2492 amoebaea
808 2454 851 2493 et
881 2451 1096 2494 choreutis
1130 2455 1173 2494 et
1203 2451 1382 2505 singulis
1415 2465 1571 2494 scenae
1606 2452 1803 2506 personis

232 2509 423 2551 tribuere
457 2523 550 2552 esse
582 2509 777 2560 solitum3
809 2511 1071 2565 posteriores
1093 2511 1193 2554 solis
1214 2511 1405 2567 ipsisque
1427 2524 1583 2554 scenae
1606 2510 1802 2566 personis

235 2567 406 2611 dedisse
438 2570 621 2611 cantica.
669 2569 790 2612 Haec
822 2574 889 2612 est
919 2584 1007 2612 una
1038 2584 1172 2612 causa
1203 2584 1335 2626 quam
1365 2571 1431 2612 vir
1462 2569 1614 2613 doctus
1643 2569 1726 2613 hac
1755 2571 1802 2612 in

234 2629 487 2682 quaestione
533 2628 690 2671 attulit.
753 2628 859 2671 Mihi
907 2630 1080 2685 quidem
1125 2630 1258 2672 totius
1304 2630 1461 2672 cantici
1491 2628 1658 2672 indoles
1690 2629 1800 2672 adeo

234 2687 441 2741 originem
472 2687 755 2743 Aeschyleam
786 2689 968 2743 prodere
991 2689 1163 2732 videtur
1182 2693 1231 2732 ut
1250 2688 1326 2731 illa
1346 2703 1436 2731 una
1457 2702 1590 2732 causa
1609 2693 1801 2745 nequeat

233 2745 464 2789 defendere
496 2748 576 2789 viri
609 2748 724 2790 (loeti
750 2748 972 2803 judicium.

353 2805 431 2848 Est
463 2811 766 2861 argumentum
787 2807 989 2864 Aeschyli
1019 2809 1192 2863 ingenio
1215 2808 1511 2863 dignissimum
1533 2812 1577 2851 et
1597 2807 1801 2852 cohaeret

233 2878 329 2906 cum
362 2879 494 2907 scena
526 2867 820 2922 subsequenti,
853 2882 985 2923 quam
1016 2869 1070 2910 ab
1103 2883 1154 2911 eo
1185 2869 1279 2923 ipso
1301 2867 1538 2924 profectam
1559 2881 1653 2910 esse
1674 2882 1799 2910 nemo

333 2993 368 3038 ²¹²)
396 2993 563 3030 Citantur
587 3006 706 3031 versus
734 2995 920 3042 Sophoclei
945 3007 1011 3033 sec.
1037 2996 1228 3033 editionem
1255 2995 1537 3033 Schneidewinii.
