1858 3320
852 217 1143 260 ,68-

214 348 273 392 ad
304 348 491 392 Araxem
537 347 726 400 fluvium,
775 347 895 402 cujus
926 347 1042 403 ripas
1088 347 1233 402 legere
1276 348 1455 404 jubetur
1500 350 1601 392 dum
1639 350 1785 393 veniat

215 410 270 450 ad
301 409 441 463 ipsum
487 406 674 460 fontem,
725 408 799 462 qui
829 408 884 449 sit
915 407 959 449 in
1005 410 1150 450 monte
1184 406 1398 450 Caucaso:
1445 407 1573 464 hujus
1618 423 1783 452 summo

213 468 399 510 culmine
447 472 650 523 superato
695 470 924 509 venturam
956 480 1047 509 esse
1078 467 1133 509 ad
1164 466 1419 519 Amazonas,
1469 482 1565 511 eam
1601 469 1783 524 perduo-

211 530 336 569 turas
369 529 423 570 ad
455 527 662 570 isthmum
693 525 983 569 Cimmerium.
1053 525 1146 569 Hoc
1176 531 1323 569 autem
1355 527 1408 569 de
1444 526 1600 570 isthmo
1638 528 1684 571 in
1714 543 1782 572 vv.

215 587 453 630 728—729
485 586 592 630 haec
621 587 845 641 leguntur:

771 644 817 686 ὃν
849 643 1222 703 θρασυσπλάγχνως
1249 660 1296 686 σε
1320 646 1407 703 χρὴ

585 705 774 746 λιποῦσαν
806 703 948 746 αὐλῶν’
983 704 1154 761 ἐκπερᾶν
1188 704 1405 746 Manatum.

211 764 404 820 Apparet
434 765 568 820 igitur
600 769 644 807 et
676 765 887 808 erravisse
920 764 1218 807 Hermannum
1249 779 1345 807 cum
1377 768 1589 808 statueret
1617 765 1662 807 in
1695 766 1781 809 dis-

209 825 433 879 putatione
481 824 534 866 de
583 823 706 867 Jonis
754 825 968 867 erroribus
1021 825 1260 880 conscripta
1305 824 1388 867 dici
1432 840 1498 867 vv.
1547 825 1647 868 710.
1696 826 1780 869 711

209 884 430 926 vocabulis
498 882 745 928 »ἁλιστόνοις
783 882 1010 941 ῥαχίαισιν<<
1061 883 1248 926 Pontum
1293 883 1526 936 Euxinum,
1581 885 1784 939 quoniam

209 947 378 985 constet
410 958 462 986 ex
480 943 679 999 Aeschyli
709 944 909 1000 opinione
931 945 1081 986 sedere
1100 943 1295 999 Scythas,
1330 948 1379 986 ut
1400 947 1500 986 utar
1526 943 1782 987 scholiastae

208 1003 349 1045 verbis
383 1003 441 1045 ad
471 1018 510 1045 v.
548 1004 598 1046 11
650 1004 897 1059 adscriptis,
952 1003 1080 1058 »πρὸς
1110 1005 1192 1047 τοῖς
1220 1001 1477 1058 Εὐρωπαίοις
1514 1001 1680 1059 τέρμασι
1712 1003 1782 1044 τοῦ

208 1060 419 1102 Ὠκεανοῦκ
470 1062 598 1117 longe
644 1066 831 1105 remotos
868 1077 895 1105 a
929 1063 1088 1118 palude
1120 1063 1355 1114 Maeotide,
1405 1066 1449 1105 et
1494 1062 1611 1118 quod
1646 1064 1783 1118 magis

207 1123 398 1177 pertinet
428 1126 618 1165 nostram
639 1123 694 1165 ad
716 1122 1074 1178 disputationem,
1114 1122 1189 1164 alii
1220 1123 1395 1165 cuidam
1425 1123 1591 1165 auctori
1623 1123 1780 1166 debere

207 1181 392 1223 alteram
437 1181 655 1224 fictionem
703 1196 815 1236 quae
864 1182 917 1224 de
959 1181 1215 1237 Scytharum
1261 1181 1487 1224 domiciliis
1534 1185 1602 1224 est
1638 1183 1684 1224 in
1713 1198 1781 1226 vv.

330 1300 415 1343 Sed
437 1304 576 1344 restat
597 1301 726 1356 hujus
748 1301 903 1344 cantici
925 1301 1098 1357 epodus.
1147 1299 1208 1343 Ut
1229 1301 1362 1355 igitur
1382 1302 1568 1357 primum
1583 1315 1782 1345 moneam

210 1374 298 1414 qua
329 1361 496 1403 ratione
529 1361 763 1403 cohaereat
795 1375 892 1404 cum
923 1360 1184 1403 carminibus
1214 1361 1449 1416 prioribus,
1488 1360 1596 1404 haec
1634 1361 1784 1404 dicunt

207 1420 416 1474 virgines:
470 1435 631 1463 »unum
669 1424 802 1464 antea
850 1421 1035 1463 vidimus
1067 1420 1267 1463 Titanem
1312 1421 1521 1463 similibus
1565 1421 1783 1464 laboribus

207 1483 413 1522 vexatum
444 1484 574 1535 atque
606 1480 759 1535 lugent
790 1495 888 1524 eum
920 1481 1032 1523 sicut
1067 1485 1111 1523 te
1142 1481 1299 1531 undae,
1347 1494 1466 1523 mare
1504 1480 1780 1536 profundum,

207 1540 301 1595 ipse
349 1539 528 1582 Orcus«.
614 1540 810 1595 Namque
858 1539 1121 1583 Ribbeckius
1167 1540 1327 1582 excidit
1379 1540 1545 1583 ratione
1591 1555 1689 1583 cum
1733 1544 1784 1583 ut

209 1599 417 1641 clamores
464 1599 692 1654 luctusque
739 1601 1009 1656 pertinerent
1054 1600 1110 1642 ad
1156 1600 1297 1655 ipsius·
1321 1599 1570 1642 Promethei
1598 1599 1780 1652 labores,

208 1675 275 1701 vv.
317 1659 402 1701 433
442 1673 538 1714 sqq.
586 1659 714 1702 alteri
767 1660 970 1702 carminis
1016 1660 1131 1715 parti
1178 1664 1374 1702 censeret
1428 1659 1779 1716 praeponendos:

209 1719 370 1760 etenim
402 1719 462 1761 sic
500 1733 610 1774 quae
651 1724 752 1762 sunt
794 1719 847 1762 de
879 1719 1055 1762 Atlante
1102 1720 1227 1774 quasi
1273 1719 1536 1775 superfluere
1581 1719 1784 1763 videntur

211 1792 352 1833 neque
385 1778 503 1822 aliud
542 1780 642 1833 quid
677 1782 899 1822 sectantur
943 1780 1130 1834 virgines
1170 1793 1300 1834 quam
1331 1782 1381 1821 ut
1410 1779 1486 1822 illa
1517 1779 1642 1834 quasi
1670 1792 1784 1822 nova

211 1841 390 1881 narrent
419 1838 573 1881 Titani.
648 1838 737 1882 ,Sed
769 1842 950 1881 narrant
979 1839 1097 1891 haec,
1146 1840 1191 1881 ni
1228 1839 1372 1890 fallor,
1420 1843 1471 1881 ut
1507 1838 1783 1882 consolentur

212 1896 520 1940 Prometheum
573 1902 704 1953 atque
752 1899 986 1955 subjiciunt
1037 1898 1101 1940 illi
1146 1913 1232 1940 non
1278 1899 1419 1940 minus
1465 1899 1781 1941 misericordiae

210 1957 345 1999 tribui
379 1972 508 2011 quam
541 1959 580 2000 ei
610 1959 708 2014 ipsi.
771 1958 864 2001 Hac
896 1973 948 2001 ex
978 1958 1337 2014 interpretatione
1377 1972 1639 2013 quamquam
1671 1971 1783 2013 quae

212 2021 313 2059 sunt
347 2018 398 2060 de
431 2017 607 2060 Atlante
646 2032 732 2060 non
768 2019 969 2061 videntur
1000 2031 1331 2074 supervacanea,
1379 2021 1526 2061 tamen
1557 2019 1651 2073 ipsa
1680 2031 1781 2060 nar-

208 2077 318 2118 ratio
361 2077 570 2133 displicet.
648 2077 845 2132 Namque
877 2079 942 2120 uti
981 2079 1165 2121 concedo
1203 2077 1420 2121 vocabulis
1457 2075 1783 2132 »ξυνομαιμόνων

211 2150 255 2175 τε
280 2135 420 2190 residu«
455 2135 514 2193 (v.
538 2135 646 2194 412>
679 2138 899 2193 aptissime
922 2139 1120 2180 renovari
1150 2137 1365 2193 Typhonis
1399 2141 1442 2179 et
1472 2137 1660 2180 Atlantis
1691 2150 1782 2179 me-

209 2196 391 2237 moriam
425 2200 468 2238 et
499 2196 712 2252 particula
733 2195 784 2254 ὃή
817 2211 927 2252 quae
961 2201 1028 2239 est
1058 2198 1103 2239 in
1133 2213 1172 2240 V.
1195 2198 1279 2240 437
1314 2200 1413 2252 post
1439 2195 1564 2252 μόνον
1594 2197 1784 2239 breviter

212 2255 487 2310 graviterque
519 2256 632 2298 hunc
664 2257 847 2299 discerni
869 2256 924 2299 ab
946 2257 1100 2309 altero,
1134 2260 1280 2299 tamen
1309 2260 1512 2298 narratur
1533 2257 1585 2298 de
1605 2255 1805 2303 Atlante,

211 2314 488 2369 amplissime,
523 2316 647 2370 quasi
678 2320 809 2359 antea
839 2317 891 2359 de
924 2331 974 2359 eo
997 2331 1136 2359 sermo
1168 2331 1255 2358 non
1285 2315 1429 2358 fuerit.
1491 2315 1588 2358 Huc
1618 2315 1784 2358 accedit

211 2375 326 2427 quod
356 2389 443 2417 non
473 2389 614 2430 pauca
644 2376 777 2418 verba
808 2377 1022 2419 debentur
1065 2377 1219 2419 iisdem
1257 2375 1536 2426 carminibus,
1584 2375 1639 2417 ad
1670 2388 1782 2429 quae

209 2433 336 2488 hujus
388 2435 545 2477 cantici
602 2449 775 2478 carmen
831 2437 951 2492 prius
1010 2436 1243 2478 formatum
1295 2449 1388 2477 esse
1446 2435 1624 2477 ostendi.
1713 2433 1783 2476 Sic

210 2494 472 2549 interpretes
518 2509 605 2537 non
653 2495 897 2538 debuerunt
942 2496 1150 2539 vocabula
1207 2492 1573 2549 »ἀδαμαντοδέτοις
1616 2492 1778 2548 λύμαις«

214 2554 339 2606 quasi
389 2554 778 2610 interpretamenta
829 2570 852 2597 e
904 2559 1028 2598 textu
1079 2556 1276 2610 rejicere,
1330 2555 1406 2596 sed
1455 2557 1607 2596 notare
1659 2567 1712 2596 ea
1756 2566 1784 2595 a

210 2616 341 2667 poeta
399 2627 491 2656 esse
552 2615 780 2670 desumpta
831 2629 884 2657 ex
935 2631 974 2658 v.
1031 2615 1136 2666 1473
1198 2627 1308 2668 quae
1366 2613 1580 2655 mutuatio
1631 2627 1682 2655 eo
1731 2612 1783 2654 fit

210 2671 477 2725 probabilior
521 2673 636 2728 quod
683 2675 729 2716 in
776 2675 928 2717 eodem
973 2674 1046 2716 illo
1085 2677 1290 2716 contextu
1321 2673 1481 2727 legitur
1509 2673 1782 2728 participium

211 2729 449 2780 εἷσιὸοῦσαν,
482 2732 620 2775 altero
652 2737 798 2776 autem
829 2734 920 2776 loco
953 2732 1167 2788 εἰσιδόμαν.
1234 2733 1467 2788 Aptissime
1497 2746 1625 2787 porro
1661 2729 1802 2771 »123oe

206 2789 529 2843 μαντοὸέτοισιν<<
567 2792 652 2835 dici
682 2794 825 2848 potuit
857 2794 911 2836 de
942 2794 1160 2836 laboribus
1182 2792 1429 2834 Promethei
1459 2792 1602 2843 vincti,
1634 2792 1782 2846 inepte

211 2850 386 2903 ponitur
418 2850 471 2892 de
504 2851 679 2894 Atlante
713 2852 879 2895 caelum
910 2853 1098 2895 humeris
1131 2852 1348 2895 fulciente.
1410 2851 1475 2894 Ex
1496 2850 1694 2893 omnibus
1714 2850 1782 2892 his

211 2909 348 2950 causis
379 2910 520 2963 quivis
551 2911 767 2965 intelligit,
803 2913 838 2954 si
872 2914 965 2967 quis
994 2914 1179 2967 primum
1201 2916 1245 2954 et
1265 2912 1450 2954 alterum
1471 2911 1683 2953 canticum
1704 2910 1781 2952 tri-

211 2967 316 3009 buat
363 2970 437 3010 uni
483 2970 708 3025 eidemque
740 2976 909 3026 poetae,
944 2987 1040 3014 eum
1073 2971 1204 3014 fuisse
1236 2972 1371 3014 infimi
1404 2970 1593 3024 generis3
1641 2983 1781 3024 neque
