1858 3320
852 220 1026 262 -54
1090 207 1158 252 -’

766 447 1015 538 Quarta
1063 462 1238 536 pars.

331 592 431 634 Jam
463 595 738 634 transeamus
771 588 828 631 ad
860 591 1098 631 extremam
1127 588 1445 632 dissertationis
1471 593 1642 646 partem
1673 604 1787 646 quae
1827 586 1829 594 ²

214 653 295 694 erit
327 651 380 694 de
413 651 658 693 Promethei
691 653 734 692 et
774 648 893 691 chori
931 648 1207 691 carminibus.
1285 648 1364 691 His
1397 650 1450 691 de
1481 650 1660 692 canticis
1698 650 1789 705 egit

214 710 513 765 Westphalius
547 714 590 752 et
619 710 663 751 in
695 707 968 765 praefatione
1002 708 1144 764 operis
1165 708 1332 750 metrici
1360 708 1538 751 alterius
1559 708 1788 752 voluminis

214 771 273 826 (p.
296 767 498 826 XLVIII)
531 773 574 812 et
602 769 646 810 in
668 768 1072 823 prolegomenorum
1093 782 1164 835 pp.
1191 769 1302 810 19—
1310 769 1408 810 191
1470 768 1614 824 Atque
1635 783 1788 824 quam-

213 844 346 885 quam
368 828 555 871 concedo
578 829 717 870 virum
739 827 914 870 doctum
934 827 1113 870 multis
1102 841 1148 869 111
1169 828 1297 870 rebus
1321 828 1478 871 vidisse
1499 841 1615 880 vera,
1640 832 1788 871 tamen

208 890 336 944 juvat
374 888 749 930 vehementissime
798 887 940 930 denuo
972 887 1014 929 in
1049 887 1289 929 carminum
1326 887 1518 930 indolem
1554 888 1786 944 inquirere.

212 948 384 991 Etenim
414 948 600 1002 primum
639 947 713 989 ille
753 947 1005 989 brevissime
1045 947 1306 1001 significavit
1342 961 1545 990 numeros
1576 947 1789 1004 Aeschylo

214 1022 308 1050 esse
347 1007 565 1062 indignos:
614 1021 701 1050 non
739 1007 943 1062 explicuit
983 1007 1197 1062 quomodo
1246 1006 1529 1050 abhorrerent
1568 1007 1623 1050 ab
1660 1007 1791 1063 hujus

212 1071 368 1124 poetae
416 1070 524 1109 arte.
603 1066 769 1109 Deinde
809 1066 914 1108 mihi
961 1066 1138 1121 quidem
1183 1080 1270 1108 non
1316 1081 1452 1122 pauca
1491 1081 1543 1110 ex
1573 1067 1627 1109 iis
1674 1080 1790 1122 quac

213 1131 391 1183 propter
416 1126 609 1169 rationes
636 1127 838 1168 metricas
873 1126 928 1168 ab
949 1125 1162 1181 Aeschylo
1193 1125 1338 1168 aliena
1374 1139 1470 1169 esse
1506 1125 1578 1169 ille
1617 1126 1790 1182 judica-

215 1187 294 1238 vit,
344 1186 423 1228 1100
459 1189 592 1241 poeta
629 1185 763 1240 digna
813 1185 1016 1228 videntur
1063 1190 1192 1240 atque
1240 1186 1488 1228 certissimis
1539 1185 1791 1228 fabularum

218 1250 460 1289 ceterarum
502 1245 708 1301 exemplis
746 1245 933 1287 firmata.
1011 1244 1118 1287 Tum
1149 1245 1350 1300 equidem
1380 1245 1485 1287 mihi
1521 1260 1609 1288 non
1648 1259 1792 1301 pauca

215 1306 433 1348 invenisse
455 1306 615 1356 videor,
650 1304 807 1361 quibus
830 1318 943 1360 quae
974 1305 1067 1360 ipse
1088 1304 1383 1360 Westphalius
1405 1309 1583 1361 propter
1607 1304 1792 1350 formam

216 1366 444 1408 metricam
474 1364 718 1420 Aeschylea
750 1379 844 1407 esse
876 1365 1051 1419 negavit
1092 1365 1226 1407 etiam
1265 1364 1362 1407 aliis
1395 1379 1448 1408 ex
1479 1365 1621 1408 causis
1654 1365 1710 1408 ab
1740 1379 1791 1408 οο

220 1425 513 1468 abiudicanda
546 1438 640 1467 esse
674 1425 834 1480 optime
866 1428 1011 1480 potest
1043 1425 1225 1467 ostendi.

336 1485 530 1527 Primum
563 1487 629 1527 est
661 1484 893 1527 dicendum
925 1483 978 1526 de
1010 1499 1077 1526 vv.
1113 1484 1338 1535 88—127‚
1373 1485 1446 1540 qui
1479 1498 1506 1527 a
1536 1483 1792 1527 Prometheo

216 1545 314 1600 rupi
355 1543 484 1587 affixo
524 1543 804 1599 proferuntur
842 1548 1075 1599 postquam
1107 1558 1134 1586 a
1165 1544 1319 1586 ceteris
1357 1544 1554 1599 personis
1593 1543 1710 1586 solus
1746 1544 1793 1587 in

219 1618 351 1647 scena
382 1608 449 1646 est
479 1603 670 1646 relictus.
733 1603 906 1646 Etenim
928 1604 1083 1646 statuit
1105 1604 1170 1646 vir
1190 1603 1343 1646 doctus
1375 1618 1524 1646 versus
1545 1602 1795 1647 monodiam

218 1678 325 1716 esse,
359 1664 451 1706 sine
483 1664 612 1706 dubio
646 1663 701 1705 ab
730 1663 942 1719 Aeschylo
977 1663 1333 1718 abjudicandam:
1367 1677 1471 1706 nam
1501 1678 1599 1706 cum
1619 1664 1793 1706 omnino

219 1724 480 1767 abstinuisse
518 1726 694 1778 poetam
742 1723 1003 1765 carminibus
1043 1722 1123 1765 8011
1155 1723 1328 1765 cuidam
1366 1723 1502 1766 actori
1548 1722 1792 1775 cantandis,

219 1788 312 1826 tum
343 1783 424 1826 hoc
455 1783 714 1838 praesertim
753 1783 970 1825 canticum
1007 1796 1113 1837 prae
1146 1796 1192 1825 se
1223 1782 1336 1825 ferre
1369 1784 1496 1839 signa
1535 1783 1693 1826 aetatis
1724 1796 1794 1825 re-

219 1843 440 1894 centioris,
495 1842 612 1898 quod
653 1846 770 1884 esset
808 1842 1092 1898 compositum
1132 1856 1184 1884 ex
1217 1846 1453 1898 systemate
1500 1842 1791 1898 anapaestico,

219 1917 271 1945 ex
316 1903 523 1945 trimetris
569 1901 780 1953 iambicis,
823 1916 875 1944 ex
912 1902 1107 1944 versibus
1153 1901 1398 1944 bacchiacis
1431 1901 1792 1958 dochmiacisque.

218 1963 283 2004 De
315 1976 474 2005 causae
505 1962 660 2017 prioris
702 1962 915 2016 gravitate
950 1962 1076 2003 modo
1109 1962 1215 2004 satis
1253 1965 1319 2004 est
1345 1962 1603 2017 judicatum:
1651 1975 1794 2018 neque

219 2021 302 2064 hac
333 2022 460 2064 modo
503 2035 639 2064 causa
670 2021 748 2063 sed
780 2022 912 2063 etiam
959 2021 1113 2063 ceteris
1159 2021 1291 2063 rebus
1329 2022 1395 2064 vir
1433 2021 1585 2063 doctus
1621 2021 1796 2064 videtur

221 2096 314 2124 esse
346 2081 496 2124 falsus.
572 2081 687 2123 Nam
717 2081 905 2136 primum
936 2080 1009 2123 vix
1046 2080 1148 2123 licet
1184 2081 1308 2123 nobis
1357 2084 1546 2123 statuere
1593 2095 1795 2124 numeros

221 2141 492 2183 dochmiacos
544 2140 886 2195 bacchiacosque
931 2154 1025 2182 esse
1073 2141 1275 2182 carminis
1322 2144 1511 2195 partem3
1558 2141 1620 2183 sic
1650 2140 1795 2196 potius

225 2205 327 2243 sunt
376 2200 608 2245 intermisti
659 2200 855 2243 versibus
906 2199 1103 2242 iambicis
1158 2204 1207 2242 ut
1255 2200 1396 2242 locum
1448 2213 1597 2242 eorum
1647 2204 1796 2243 tenere

221 2260 462 2303 videantur.
525 2260 666 2316 Atque
697 2260 985 2302 intermiscuit
1005 2264 1137 2316 poeta
1157 2260 1365 2302 trimetris
1395 2259 1514 2305 nullo
1535 2259 1664 2303 modo
1691 2273 1796 2302 can-

220 2320 324 2362 tatis
377 2334 529 2362 versus
575 2319 823 2362 bacchiacos
870 2320 1003 2362 etiam
1049 2320 1094 2361 in
1150 2318 1336 2375 Choeph.
1383 2318 1553 2362 sabula:
1606 2333 1795 2375 namque

225 2383 457 2434 postquam
487 2379 722 2434 Aegisthus
754 2379 927 2435 plagam
958 2378 1226 2421 mortiferam
1259 2379 1474 2435 accipiens
1503 2378 1612 2422 haec
1644 2378 1796 2422 effudit

225 2437 299 2495 »ἐὴ
321 2438 541 2490 ὀτοτοτοῖ<<,
566 2439 686 2482 chori
708 2439 795 2481 dux
812 2439 1089 2482 vehementer
1110 2443 1336 2491 commota,
1358 2452 1622 2494 quamquam
1643 2442 1798 2494 postea

221 2498 428 2541 trimetris
459 2472 655 2541 iambicis
687 2499 752 2540 uti
784 2499 937 2554 pengit,
971 2498 1078 2541 haec
1100 2498 1289 2554 subjicit.

539 2556 588 2599 ἔα
621 2556 670 2599 ἔα
695 2558 820 2614 μάλα·

538 2631 625 2666 mog
652 2615 758 2675 ἔχεις
790 2619 875 2666 πῶς
903 2617 1110 2674 κέκρανται
1141 2617 1295 2673 001μθίς3

222 2676 386 2719 Eodem
422 2675 512 2719 fere
551 2676 679 2719 modo
717 2677 999 2720 Prometheus
1046 2681 1225 2733 propter
1263 2677 1490 2731 strepitum
1529 2675 1795 2718 Oceanidum

227 2735 551 2779 advenientium
590 2736 752 2780 veritus
783 2751 838 2779 ne
870 2737 994 2780 novis
1037 2737 1257 2780 doloribus
1297 2735 1520 2790 affligatur
1555 2735 1622 2778 1118
1654 2735 1796 2778 verbis

224 2796 382 2837 utitur:

540 2854 569 2895 ἆ
600 2854 628 2896 ἄ
659 2853 708 2896 ἔα
740 2853 801 2896 ἔα.

540 2913 595 2962 τίς
622 2914 726 2971 ἀχώ,
760 2914 815 2963 τίς
843 2914 948 2970 ὀὸμὰ
980 2914 1183 2971 προσέπτα
1209 2915 1251 2970 μ’
1284 2914 1481 2971 ἄφεγγὴςς

227 2972 355 3014 Η11110
377 2987 548 3015 versum
580 2974 858 3029 subsequitur
889 2975 1086 3017 trimeter
1115 2974 1325 3017 iambicus
1349 2974 1422 3029 qui
1443 2976 1628 3029 propter.
1639 2973 1796 3029 prioris
