1858 3320
735 216 1027 260 ..63—

95 350 283 405 priorem
297 352 484 405 partem,
501 348 732 404 logaoedos
748 347 1092 403 amplectentem,
1110 361 1258 390 versus
1274 346 1489 398 trochaici,
1509 345 1666 401 quibus

97 423 151 452 ex
166 408 361 452 versibus
374 409 491 464 prior
507 412 572 451 est
586 409 784 451 trimeter
798 406 1042 450 trochaicus
1059 406 1346 457 catalecticus,
1358 406 1469 449 alter
1486 407 1668 449 dimeter

96 468 334 510 trochaicus
378 468 660 519 acatalectus3
706 466 1028 522 subsequuntur
1071 467 1155 508 duo
1195 466 1367 508 dimetri
1413 466 1664 516 catalectici,

95 542 207 570 unus
237 529 434 570 trimeter
464 527 761 578 catalecticus;
792 526 985 569 clausula
1016 529 1163 568 autem
1195 529 1260 568 est
1290 540 1438 568 versus
1471 527 1669 567 trimeter

94 586 306 630 iambicus
352 589 427 642 qui
466 591 511 630 et
544 588 590 629 in
626 587 713 630 fine
759 587 887 629 metri
932 587 1089 642 prioris
1137 590 1181 628 et
1226 586 1273 627 in
1317 585 1497 628 alterius
1543 586 1666 627 initio

94 645 228 689 habet
258 646 503 689 catalexim.
571 647 705 689 Porro
735 646 780 688 in
811 645 934 689 Eum.
967 645 1142 688 fabulae
1174 645 1362 688 carmine
1396 645 1512 700 quod
1544 648 1612 686 est
1641 658 1668 686 a

95 721 136 749 v.
167 707 255 749 486
301 707 418 749 inter
463 706 570 748 alios
615 719 765 750 versus
796 706 1050 756 trochaicos,
1100 706 1174 760 qui
1220 704 1362 747 solent
1399 704 1559 747 habere
1598 704 1666 746 vel

93 766 283 821 priorem
304 767 373 809 vel
394 765 578 808 alteram
597 765 792 817 formam,
815 780 926 808 unus
941 781 981 808 v.
999 766 1085 808 492
1105 768 1172 807 est
1188 765 1371 807 dimeter
1388 763 1665 806 acatalectus.

19 850 20 853 =
95 824 246 880 Neque
278 825 332 867 ab
365 825 569 881 Euripide
607 825 782 881 quidem
811 825 881 867 hic
911 839 1063 868 versus
1101 825 1288 867 maxime
1326 823 1502 867 sedatus
1538 837 1666 879 saepe

95 888 163 927 est
193 886 374 940 positus.
443 885 641 939 Namque
671 886 716 927 in
747 883 910 927 Phoen.
941 884 1115 927 fabulae
1148 884 1339 926 carmine
1379 883 1495 938 quod
1527 887 1592 925 est
1622 884 1666 925 in

94 959 160 987 vv.
184 945 270 987 239
294 958 388 999 sqq.
411 958 558 987 versus
581 945 786 987 dimetros
817 944 1054 987 trochaicos
1085 943 1371 995 catalecticos,
1405 944 1479 998 qui
1508 943 1666 998 septies

95 1017 190 1046 sese
223 1004 453 1060 excipiunt,
489 1008 533 1047 et
562 1019 736 1047 versum
758 1004 1042 1060 spondiacum
1073 1003 1351 1058 subsequitur
1381 1017 1494 1045 unus
1514 1016 1665 1045 versus

95 1062 279 1106 dimeter
293 1063 538 1106 trochaicus
557 1064 825 1106 acatalectus
843 1061 901 1120 (v.
920 1063 1040 1119 247),
1059 1077 1148 1107 una
1162 1063 1430 1119 pentapodia
1444 1062 1666 1105 trochaica

95 1126 140 1165 et
159 1124 252 1179 ipsa
273 1123 525 1174 acatalecta,
550 1123 769 1166 clausulae
790 1123 884 1166 loco
901 1123 1084 1166 dimeter
1104 1122 1348 1165 trochaicus
1370 1122 1663 1165 catalecticus

15 1219 18 1221 Α
94 1181 146 1224 Ι11
176 1182 352 1226 fabulae
385 1183 577 1239 ejusdem
609 1183 748 1239 epodo
788 1197 901 1238 quae
934 1186 1001 1225 est
1034 1197 1061 1225 a
1091 1196 1221 1225 versu·
1251 1183 1337 1225 676
1370 1183 1485 1224 111161·
1514 1195 1664 1225 versus

93 1242 334 1285 trochaicos
356 1243 633 1286 catalecticos
655 1247 699 1285 et
720 1242 949 1285 ncnnullos
970 1243 1178 1284 iambicos
1198 1241 1359 1296 legitur
1380 1255 1492 1285 unus
1514 1257 1553 1284 v.
1577 1242 1664 1284 678

45 1332 50 1334 »
96 1302 277 1344 dimeter
297 1302 537 1345 trochaicus
560 1302 837 1345 acatalectus.
879 1301 1086 1358 Ejusdem
1106 1301 1269 1344 formae
1290 1315 1438 1344 versus
1459 1300 1666 1344 trochaici

94 1364 197 1403 sunt
226 1361 374 1417 plures
405 1363 450 1404 in
482 1362 746 1405 carminibus
780 1361 1157 1411 antecedentibus;
1196 1375 1380 1416 quorum
1410 1361 1531 1417 prior
1560 1374 1665 1416 pars

92 1424 188 1463 tota
225 1420 316 1464 fere
355 1426 422 1464 est
476 1423 716 1478 composita
763 1436 816 1464 ex
848 1421 1044 1464 dimetris
1096 1420 1380 1470 catalecticis;
1434 1421 1666 1463 acatalecti

94 1481 328 1523 intermisti
355 1485 457 1523 sunt
477 1497 543 1524 vv.
569 1481 653 1524 645
677 1480 744 1538 (=
766 1481 884 1532 664),
919 1482 1006 1524 649
1028 1478 1094 1538 (=
1112 1478 1238 1539 668);
1271 1484 1314 1523 et
1335 1496 1403 1524 vv.
1427 1480 1660 1523 640-641

93 1539 160 1595 (=
181 1539 450 1598 659—660)‚
484 1542 559 1595 qui
590 1542 764 1596 quidem
790 1541 1064 1596 potissimum
1095 1540 1257 1583 cadunt
1286 1543 1480 1582 nostram
1510 1541 1554 1581 in
1578 1541 1664 1582 dis-

91 1601 375 1655 putationem.
438 1600 610 1644 Etenim
647 1602 892 1655 quicunque
929 1601 1121 1643 carmina
1157 1599 1391 1657 Euripides.
1417 1600 1666 1642 recitaverit

94 1674 197 1702 voce
237 1660 344 1712 alta,
395 1661 554 1703 sentiet
600 1665 866 1716 quantopere
913 1661 1118 1716 proximis
1163 1660 1358 1702 versibus
1405 1659 1665 1702 catalecticis

91 1724 323 1775 superetur
343 1720 407 1762 vis
428 1720 742 1763 trochaicorum
762 1734 966 1763 versuum
986 1719 1321 1764 acatalectorum
1336 1733 1427 1762 sese
1450 1720 1663 1775 excipien-

91 1779 214 1822 tium.
276 1779 333 1822 Et
353 1779 459 1822 haec
489 1780 762 1836 potissimum
782 1781 846 1822 vis
875 1779 1016 1822 fracta
1035 1779 1218 1822 offendit
1238 1780 1404 1821 animos
1425 1778 1500 1821 illa
1521 1779 1662 1821 Prom.

91 1837 263 1882 fabulae
302 1840 493 1882 carmina
538 1839 792 1894 legentium:
841 1854 1017 1896 prorsus
1055 1838 1181 1883 deest
1216 1838 1294 1881 illa
1318 1836 1662 1895 μεγαλοπρέπεια,

92 1911 204 1953 quae
250 1903 300 1941 ut
342 1899 448 1941 nihil
497 1900 634 1942 dicam
679 1899 733 1942 de
781 1900 1039 1942 carminibus
1072 1902 1261 1957 ¹praeter
1305 1900 1444 1954 ipsam
1494 1903 1663 1954 partem

91 1958 353 2001 trochaicam
386 1960 520 2001 etiam
551 1959 662 2001 alius
694 1960 863 2013 generis
895 1973 1095 2002 numeros
1126 1959 1506 2014 amplectentibus,
1546 1958 1663 2014 apud

92 2017 351 2074 Aeschylum
382 2018 492 2061 solet
514 2019 632 2073 gigni
651 2019 846 2074 proxime
868 2019 1114 2076 compositis
1147 2022 1192 2061 et
1212 2018 1408 2060 dimetris
1436 2017 1662 2060 trochaicis

91 2077 180 2120 sive
228 2077 492 2121 dicatalectis
539 2080 628 2121 sive
676 2079 929 2135 simpliciter
976 2078 1236 2122 catalecticis
1274 2082 1318 2120 et
1349 2078 1559 2120 trimetris
1592 2091 1662 2120 ca-

91 2137 312 2180 talecticis.
365 2138 430 2180 De
467 2138 632 2180 ultimis
669 2141 815 2181 autem
850 2137 1073 2182 versiculis
1104 2138 1363 2192 logaoedicis
1392 2137 1498 2179 nihil
1522 2137 1661 2180 habeo

91 2197 207 2251 quod
253 2198 426 2241 addam:
475 2212 661 2253 namque
700 2197 771 2240 lex
810 2202 878 2243 est
913 2198 1112 2242 omnibus
1159 2198 1300 2254 poetis
1346 2198 1581 2240 communis
1613 2201 1663 2239 ut

89 2257 319 2313 subjiciant
364 2258 554 2300 numeris
600 2258 668 2301 vel
715 2258 906 2303 iambicis
951 2258 1019 2301 vel
1063 2258 1289 2301 trochaicis
1336 2257 1551 2300 clausulas
1598 2257 1661 2299 lo-

91 2317 328 2370 gaoedicas.

209 2376 308 2419 Jam
339 2380 613 2420 transeamus
646 2378 701 2420 ad
733 2378 918 2434 epodum
949 2378 1305 2432 subsequentem,
1339 2390 1453 2432 quae
1477 2376 1657 2433 epodus,

91 2439 141 2478 ut
171 2450 304 2492 supra
335 2437 471 2488 docui,
520 2438 668 2479 multis
706 2438 927 2480 doctorum
974 2438 1230 2493 conjecturis
1277 2440 1507 2493 temptata,
1557 2437 1661 2479 mihi

92 2495 267 2550 quidem
287 2497 340 2538 iis
371 2500 541 2539 tantum
563 2497 742 2540 medelis
763 2497 935 2540 videtur
956 2511 1050 2540 esse
1071 2497 1265 2539 sananda
1286 2511 1396 2551 quae
1423 2500 1662 2552 poscuntur

91 2556 405 2598 sententiarum
452 2570 659 2599 connexu.
736 2556 884 2599 Laude
929 2556 1063 2611 igitur
1099 2557 1257 2611 dignae
1289 2561 1390 2599 sunt
1421 2556 1661 2599 Hermanni

91 2615 363 2670 conjecturae
394 2616 652 2670 ingeniosae,
686 2620 864 2673 propter
895 2617 1208 2659 sententiarum
1241 2631 1480 2659 connexum
1511 2630 1659 2659 neces-

90 2675 228 2717 sariae
274 2675 459 2730 ideoque
507 2676 598 2718 sine
646 2676 775 2719 dubio
822 2676 1108 2732 recipiendae.
1186 2675 1295 2718 Nam
1343 2676 1537 2732 reposuit
1567 2675 1659 2718 loco

90 2733 286 2776 lectionis
317 2738 544 2789 corruptae
571 2730 750 2776 ‘udam’
782 2733 829 2780 (ἴς
858 2736 1092 2789 genitivum
1121 2732 1344 2785 Ἄτλαντος,
1378 2750 1506 2790 quem
1540 2737 1659 2790 geni-

91 2794 226 2836 tivum
274 2795 517 2837 desiderant
549 2795 757 2838 vocabula
803 2793 1004 2852 ὑπέροχον
1050 2793 1199 2840 σθένος
1241 2794 1456 2851 amaruan,-
1503 2796 1658 2838 deinde

90 2857 322 2909 postquam
354 2854 546 2896 restituit
578 2869 630 2897 cx
658 2852 745 2896 αἰέν
776 2854 928 2897 vocula
947 2856 1237 2898 accusativum
1262 2857 1347 2907 γᾶν,
1373 2859 1417 2898 61
1438 2854 1658 2898 desidera-

92 2917 183 2955 tum
215 2916 393 2969 propter
422 2914 677 2968 particulam
713 2927 754 2954 τε
786 2927 896 2968 quae
929 2918 996 2956 est
1026 2915 1070 2957 in
1092 2914 1236 2957 codice
1268 2919 1367 2970 post
1398 2913 1584 2970 οὐράνιον
1615 2919 1660 2957 61

91 2972 436 3024 commendatum
484 2989 520 3016 v.
554 2975 659 3026 353,
709 2974 974 3029 transposuit
1020 2975 1193 3017 voculas
1241 2972 1288 3018 ὃς
1323 2976 1399 3028 γᾶν
1446 2975 1489 3016 111
1536 2976 1658 3017 1111110
