1858 3320
706 197 998 238 „39-

19 331 37 379 s
70 342 159 370 esse
190 327 400 370 futurum.
463 327 631 370 Videtis
664 340 793 381 quam
822 327 932 368 bene
964 329 1155 382 apteque
1187 327 1332 369 onmia
1359 327 1634 371 cohaereant:

16 383 30 416 <³³
66 387 217 442 itaque
264 386 529 429 Kolischium
578 386 710 428 etiam
758 400 855 428 cum
885 402 954 429 vv.
986 386 1236 429 509—512
1283 387 1489 441 proximis
1535 390 1637 442 apte

21 462 32 502 ὴ
67 446 238 489 adnecti
271 450 450 500 negaret
470 461 512 501 p.
536 446 605 497 71,
638 445 807 488 ratione
840 445 1047 488 excidisse
1069 447 1263 500 apparet.
1312 445 1638 501 Exspectationi

19 504 39 558 ’ἢ
56 509 213 548 ,autem
245 506 310 549 illi
340 505 624 548 Prometheus
663 505 810 560 objicit
848 508 987 548 artem
1020 519 1106 560 qua
1137 519 1229 548 sese
1267 505 1404 561 possit
1450 506 1636 549 liberare

54 566 264 620 superari
294 565 566 608 necessitate.
628 564 720 608 Hoc
751 579 804 607 ex
834 579 1040 619 responso
1059 563 1300 608 Oceanides
1331 579 1450 619 spem
1481 579 1636 621 capere

57 638 148 668 >non
200 628 399 680 possunt,
454 624 614 680 quippe
669 637 780 679 quae
834 625 915 667 sibi
960 625 1255 679 persuaserint
1299 625 1440 679 ipsum
1481 624 1637 668 Jovem

66 685 306 738 gubernare
336 684 444 727 fata:
492 684 566 726 ille
598 686 742 726 autem
775 698 861 727 non
891 683 1062 735 Jovem,
1106 683 1183 726 sed
1213 682 1366 727 Parcas
1396 683 1636 740 Furiasque

9 782 25 792 „
62 745 335 786 necessitatis
357 744 664 798 gubernatores
696 757 789 787 esse
817 743 1062 799 respondet.
1125 743 1324 798 Virgines
1345 758 1473 799 porro
1494 744 1636 786 haesi-

15 832 17 834 ·
62 806 207 846 tantes
239 806 454 859 quaerunt
499 818 603 845 num
637 804 729 858 ipse
766 802 947 847 deorum
967 803 1163 858 princeps
1199 803 1288 845 illis
1335 803 1394 845 sit
1436 802 1633 846 inferior:

21 900 27 910 ὅ
64 861 346 905 Prometheus
394 866 539 905 autem
586 877 657 905 eas
707 863 975 917 interrogare
1021 865 1143 905 vetat
1189 863 1305 918 quod
1350 863 1404 912 iis
1450 877 1536 906 non
1577 863 1635 905 sit

63 922 328 965 detecturus.
398 921 522 964 Nunc
561 922 733 965 demum
770 923 871 964 illae
909 922 1020 964 fiunt
1052 925 1195 964 certae
1234 936 1333 965 eum
1365 936 1493 977 grave
1526 922 1632 978 quid

64 981 203 1024 celare
238 997 332 1024 cum
365 982 538 1024 consilio
571 984 703 1037 atque
733 981 801 1024 his
832 983 1017 1024 utuntur
1047 982 1204 1024 verbis:

392 1040 417 1099 ἧ
449 1040 525 1082 πού
557 1057 589 1082 τι
619 1041 762 1097 σεμνόν
794 1041 895 1083 ἐστιν
926 1040 949 1081 ὃ
981 1039 1252 1099 ξυναμπέχεις.

63 1100 148 1143 Sed
181 1104 300 1143 vetat
332 1115 405 1144 eas
442 1101 522 1144 hac
554 1101 608 1144 de
639 1116 686 1144 re
719 1100 861 1144 dicere
899 1101 1103 1156 amplius:
1153 1115 1252 1143 nam
1293 1114 1387 1143 esse
1420 1115 1517 1143 eam
1549 1102 1631 1144 sibi

62 1160 287 1203 celandam
319 1161 538 1215 religiose,
581 1160 696 1216 quod
727 1161 812 1203 nisi
843 1175 986 1204 secum
1019 1161 1249 1203 retinuerit
1279 1160 1453 1203 vincula
1483 1160 1634 1216 fugere

61 1224 264 1274 nequeat.
327 1219 392 1262 Ex
414 1220 480 1262 his
514 1235 625 1276 quae
647 1220 788 1263 adhuc
820 1220 999 1276 exposui
1022 1221 1162 1275 quivis
1184 1220 1402 1275 intelliget
1415 1219 1634 1264 Themidis

61 1279 178 1334 quod
225 1279 383 1322 dicitur
429 1284 643 1323 secretum
673 1281 719 1322 in
749 1279 922 1323 fabulae
958 1294 1192 1334 progressu
1223 1280 1363 1335 magis
1410 1281 1635 1336 magisque

60 1339 154 1382 fieri
187 1338 444 1382 dilucidum:
476 1339 557 1383 hac
588 1341 633 1382 in
663 1354 711 1383 re
744 1339 934 1383 omnium
965 1339 1201 1395 plurimum
1222 1339 1341 1382 valet
1371 1353 1502 1382 scena
1523 1355 1634 1396 quae

60 1402 239 1441 vocatur
267 1398 389 1442 Jonis
422 1399 676 1454 episodium.

182 1458 268 1500 Sed
315 1459 567 1514 priusquam
611 1459 802 1515 judicem
849 1458 903 1502 de
935 1458 1142 1502 Kolischii
1188 1459 1416 1502 sententiis
1461 1458 1543 1502 hac
1580 1459 1634 1502 de

59 1531 189 1560 scena
226 1518 427 1572 prolatis,
476 1533 614 1574 pauca
652 1519 930 1574 praemittam
963 1518 1018 1561 de
1049 1518 1329 1561 adnotatione
1360 1518 1418 1560 Fr
1421 1519 1509 1574 eyi,
1559 1519 1634 1574 qui

59 1593 125 1620 vv.
159 1578 245 1620 590
278 1581 321 1620 et
360 1579 510 1622 734—
521 1579 606 1622 736
653 1579 769 1622 inter
805 1592 850 1621 se
882 1592 1077 1633 pugnaie
1123 1579 1278 1621 statuit
1314 1593 1384 1634 pp.
1422 1579 1631 1622 10—12:

59 1651 246 1692 namque
293 1637 367 1680 1110
399 1652 528 1680 versu
560 1638 646 1681 dici
675 1630 828 1681 Jonem
862 1639 1010 1681 vexari
1042 1638 1278 1690 erroribus,
1328 1638 1445 1693 quod
1476 1638 1632 1681 Iunoni

59 1700 176 1739 esset
205 1697 356 1748 invisa,
390 1698 528 1740 altero
561 1699 741 1753 cogitari
771 1698 913 1753 ipsum
933 1697 1086 1741 ι10170111
1119 1711 1214 1741 eam
1235 1697 1380 1740 facere
1401 1701 1632 1753 vagantem

59 1759 195 1811 atque
224 1761 454 1808 errantem,
487 1761 537 1799 ut
567 1772 664 1800 cum
688 1771 738 1800 ea
758 1760 908 1812 posset
928 1758 1223 1801 concumbere.
1286 1757 1501 1812 Equidem
1523 1757 1634 1801 hanc

59 1817 390 1870 repugnantiam
437 1817 769 1872 vituperandam
815 1831 910 1860 esse
957 1831 1086 1872 nego:
1137 1817 1298 1860 etenim
1347 1816 1632 1860 Prometheus

58 1875 280 1930 aptissime
301 1877 474 1919 inimico
497 1890 574 1919 suo
596 1877 749 1920 tribuit
765 1877 936 1932 culpam
954 1891 1147 1920 errorum
1165 1877 1356 1931 virginis,
1374 1878 1632 1932 praesertim

59 1949 156 1977 cum
188 1935 256 1978 hic
286 1936 378 1991 ipse
418 1936 598 1979 libidine
630 1936 843 1979 deductus
875 1937 1040 1992 primus
1073 1950 1167 1979 eam
1214 1936 1456 1992 prodiderit
1501 1938 1631 1980 rebus

58 1994 264 2037 adversis.
326 1995 353 2038 J
355 2010 424 2038 am
446 1999 496 2038 ut
516 1999 787 2039 transeamus
810 1996 867 2038 ad
888 1996 1069 2049 alterius
1101 1996 1353 2051 interpretis
1375 1998 1629 2049 sententias,

59 2053 171 2097 hanc
201 2058 336 2096 totam
368 2070 447 2110 per
478 2069 650 2098 scenam
692 2056 815 2098 illum
846 2057 1037 2099 omnium
1075 2070 1220 2099 rerum
1257 2055 1502 2098 suturarum
1535 2071 1630 2099 esse

57 2115 300 2168 praescium
339 2118 383 2157 et
414 2115 623 2170 virginem
670 2116 870 2158 omnibus
908 2130 961 2158 ex
1007 2116 1203 2171 personis
1251 2130 1381 2158 unam
1434 2117 1488 2159 ab
1534 2117 1630 2172 ipso

56 2173 180 2216 initio
211 2175 319 2216 scire
352 2189 449 2217 eum
481 2175 692 2230 insignem
724 2189 819 2218 esse
852 2179 945 2219 arte
982 2175 1246 2219 vaticinandi
1299 2176 1466 2219 notavit
1497 2179 1630 2232 atque

57 2233 124 2275 his
155 2233 210 2276 de
242 2235 383 2276 causis
416 2235 654 2302 episodium
688 2239 788 2290 post
823 2235 910 2278 alia
940 2235 1138 2279 additum
1171 2249 1265 2278 esse
1314 2236 1479 2277 statuit.
1544 2236 1630 2279 Sed

57 2293 231 2335 obstant
251 2293 349 2335 huic
381 2295 572 2349 opinioni
603 2295 647 2336 in
669 2294 918 2338 universum
939 2294 1058 2338 haec.
1122 2294 1360 2351 Aeschylus
1383 2295 1475 2338 sine
1499 2295 1629 2338 dubio

56 2353 220 2407 primus
253 2353 452 2395 Herculis
499 2367 630 2396 causa
675 2354 874 2411 mythum
907 2355 982 2409 qui
1013 2359 1081 2397 est
1112 2354 1165 2397 de
1196 2354 1306 2398 Jone
1346 2368 1444 2397 cum
1490 2355 1631 2398 altera

57 2411 111 2454 de
144 2410 401 2456 Prometheo
431 2413 579 2456 fabula
611 2414 853 2469 conjunxit;
886 2418 930 2457 et
961 2415 1163 2469 quoniam
1198 2413 1405 2457 Hercules
1437 2416 1628 2458 omnium

58 2471 302 2527 mythorum
351 2474 633 2528 congruentia
662 2473 776 2516 hunc
808 2474 990 2516 vinculis
1037 2474 1245 2517 liberasse
1291 2473 1527 2525 ferebatur,
1562 2478 1629 2517 est

57 2531 412 2574 verisimillimum
452 2537 625 2588 poetam
660 2533 878 2588 trilogiam
907 2533 962 2576 de
990 2532 1248 2577 Prometheo
1286 2534 1628 2588 conscripturum

58 2605 141 2633 non
182 2591 323 2633 minus
371 2605 515 2635 secum
562 2593 887 2648 praeparavisse
933 2593 1050 2636 illius
1098 2593 1279 2648 episodii
1324 2592 1628 2637 formationem

57 2664 187 2705 quam
220 2649 360 2694 Prom.
395 2651 471 2694 sol.
504 2651 678 2695 fabulae
710 2665 901 2703 scenam,
942 2653 987 2695 in
1021 2667 1107 2708 qua
1138 2653 1347 2695 Hercules
1381 2667 1479 2695 eum
1513 2657 1628 2696 esset

59 2709 278 2752 soluturus
309 2714 440 2765 atquc
473 2711 640 2754 solutus
673 2711 894 2754 liberatori
927 2726 1092 2755 errores
1125 2716 1256 2768 atque
1287 2712 1446 2755 itinera
1477 2713 1626 2756 vatici-

57 2773 251 2812 naturus,
313 2769 448 2813 Tenet
485 2784 613 2825 porro
654 2770 730 2813 illa
767 2785 894 2814 scena
929 2775 1079 2815 nostra
1108 2772 1153 2814 in
1184 2771 1333 2815 sabula
1370 2772 1518 2815 sedem
1549 2787 1626 2827 ap-

57 2830 293 2872 tissimam:
328 2843 514 2885 namque
547 2835 723 2885 propter
742 2830 896 2874 Jonem
929 2835 974 2874 et
994 2832 1132 2887 ipsam
1152 2831 1272 2875 Jovis
1295 2832 1471 2875 libidine
1494 2836 1626 2888 atque

58 2889 237 2932 arbitrio
258 2894 459 2933 vexatam
480 2889 726 2933 Promethei
759 2891 960 2945 superbia
982 2891 1214 2946 odiumque
1236 2892 1393 2935 mirum
1416 2895 1626 2947 quantum

58 2953 268 3001 crescunt,
303 2950 362 2991 sic
390 2954 440 2992 ut
461 2949 565 2992 mihi
597 2950 771 3006 quidem
793 2965 880 2993 una
901 2965 998 2994 cum
1019 2952 1296 3007 subsequenti
1320 2956 1363 2995 et
1383 2953 1561 2995 inventa
1583 2955 1627 2994 et
