1858 3320
0 362 6 390 ³
58 378 111 407 ex
156 362 319 418 judicio
371 361 644 405 desideretur
691 375 928 417 pronomen
979 359 1035 403 ad
1089 358 1338 414 πυλωμάτων
1389 359 1620 415 adjectum.

0 425 4 450 ¹
56 421 209 491 Itaque
241 421 345 464 mihi
375 421 539 464 arridet
570 421 708 463 Grotii
744 422 990 477 conjectura
1022 418 1162 459 τῶνδε.
1223 419 1340 470 Quae
1378 420 1624 475 conjectura

0 482 9 515 *⁴
56 482 130 534 sic,
163 484 213 524 ut
244 484 422 524 conatus
453 484 521 524 est
549 480 776 523 Richterus
807 496 848 536 p.
882 481 952 531 34,
986 478 1167 522 refutari
1197 493 1284 521 non
1314 482 1471 535 potest.
1535 478 1623 521 Ne-

57 542 175 596 gavit
206 541 319 583 enim
350 541 553 596 quoniam
584 554 610 582 a
640 554 742 595 iege
763 543 890 596 porta
905 539 997 594 jam
1024 553 1110 581 non
1138 541 1254 582 esset
1274 538 1504 595 appellata,
1540 537 1624 580 dici

55 600 185 644 aliam
215 601 299 642 nisi
330 614 426 642 eam
456 613 567 656 quae
600 603 716 643 esset
752 601 798 641 in
829 602 1059 655 conspectu
1091 599 1192 641 sita:
1241 597 1321 640 hoc
1351 601 1498 641 tamen
1529 597 1624 640 fieri

4 671 5 676 ’
55 674 142 703 11011
172 674 329 715 posse,
345 673 442 702 cum
473 662 588 702 esset
618 674 695 702 rex
725 660 770 701 in
801 672 911 701 arce.
959 657 1172 714 Equidem
1202 657 1329 700 modo
1362 658 1467 700 satis
1489 657 1622 711 signi-

55 719 208 762 ficasse
239 719 343 762 mihi
373 719 522 762 videor
552 733 639 775 qua
668 733 716 762 re
746 732 983 775 pronomen
1017 716 1146 758 τῶνδε
1176 717 1561 760 commendaretur.

175 778 240 821 Ex
275 780 328 820 iis
366 792 478 834 quae
516 778 570 821 de
606 779 746 834 prima
784 781 829 821 et
865 779 996 820 tertia
1026 777 1211 820 Eteoclis
1250 776 1517 820 orationibus
1549 790 1623 819 ex·-

55 839 182 895 posui
222 837 362 881 elucet
398 852 529 894 quam
565 838 746 880 infirmis
784 838 924 880 causis
961 837 1128 880 nitatur
1164 837 1239 879 illa
1275 837 1391 879 fictio
1438 850 1491 879 ex
1537 849 1624 891 qua

6 923 9 931 ·
56 897 187 941 duces
218 898 263 940 in
295 911 424 940 scena
454 897 607 940 adesse
640 897 854 940 dicuntur.
906 896 1061 939 Nullae
1090 910 1243 939 causae
1265 897 1349 939 nisi
1368 896 1625 952 pronomina

56 957 397 1000 demonstrativa
434 970 529 999 eam
565 970 742 1012 poscere
773 956 993 999 videntur:
1043 956 1120 999 sed
1162 957 1207 998 in
1253 957 1385 999 tertia
1429 956 1624 998 oratione

55 1016 156 1059 talis
188 1020 255 1060 681
285 1016 596 1059 sententiarum
627 1015 827 1058 formatio
859 1018 909 1058 ut
938 1029 1174 1071 pronomen
1209 1015 1328 1058 nullo
1367 1015 1494 1058 modo
1525 1029 1624 1071 per-

54 1077 193 1119 tinere
230 1076 368 1132 possit
406 1075 462 1118 ad
498 1076 638 1118 virum
675 1074 944 1126 Thebanum3
981 1076 1027 1118 in
1066 1076 1199 1131 priori
1237 1076 1432 1118 oratione
1471 1089 1624 1132 quam-

54 1149 186 1192 quam
215 1149 303 1178 non
333 1140 423 1178 tam
453 1135 636 1178 firmiter
665 1138 812 1191 potest
836 1134 1023 1190 judicari
1055 1149 1186 1191 quam
1218 1135 1272 1178 de
1304 1135 1447 1188 tertia,
1479 1135 1625 1191 aptius

53 1199 201 1238 tamen
231 1194 419 1237 trahitur
450 1195 506 1237 ad
536 1199 707 1251 portam
738 1195 1076 1249 significandam.
1130 1194 1334 1238 Ceterum
1361 1194 1480 1238 aliud
1509 1194 1624 1237 illius

54 1254 240 1298 fictionis
277 1255 507 1309 vestigium
543 1254 630 1296 illis
668 1256 712 1297 in
750 1254 1017 1297 orationibus
1055 1269 1140 1297 non
1178 1255 1414 1298 invenitur:
1455 1269 1532 1297 rex
1570 1254 1624 1296 de

53 1315 156 1357 viris
186 1313 412 1366 Thebanis
451 1317 502 1356 ut
532 1315 685 1357 ceteris
722 1315 767 1356 in
807 1313 1085 1366 orationibus,
1124 1318 1274 1357 narrat
1305 1315 1436 1358 tertia
1466 1328 1624 1370 prono-

57 1374 219 1417 minum
249 1387 434 1430 persona
464 1387 582 1416 usus.

173 1433 271 1476 Jam
312 1437 378 1476 est
417 1433 713 1490 quaerendum
751 1436 896 1476 utrum
935 1447 1011 1476 rex
1050 1433 1223 1476 demum
1259 1434 1304 1476 in
1341 1433 1482 1476 tribus
1519 1434 1625 1490 ipsis

55 1492 322 1536 orationibus
352 1497 575 1550 port-arum
607 1492 855 1536 defensores
888 1492 1045 1548 eligere
1079 1494 1135 1535 sit
1166 1493 1421 1548 cogitandus
1452 1508 1508 1536 an
1535 1494 1626 1550 jam

56 1553 235 1608 elegerit
265 1557 366 1596 ante
405 1566 490 1596 eas·
559 1553 611 1596 In
649 1554 781 1596 tertia
819 1552 1012 1596 oratione
1055 1552 1163 1595 illud
1199 1553 1294 1596 fieri
1332 1555 1437 1596 satis
1479 1554 1625 1596 multis

55 1612 110 1655 de
142 1613 282 1655 causis
314 1626 444 1670 supra
473 1613 647 1667 negavi3
680 1612 757 1656 sed
787 1613 832 1655 in
863 1613 1003 1669 prima
1034 1617 1078 1656 et
1108 1617 1232 1656 sexta
1263 1612 1529 1656 orationibus
1559 1612 1626 1656 fa-

53 1676 158 1715 vent
193 1672 384 1715 Richteri
422 1673 770 1728 interpretationi
807 1676 1006 1729 tempora
1036 1671 1184 1716 futura
1214 1672 1337 1716 verbi
1369 1671 1625 1714 ἀντιτάττειν.

56 1731 142 1774 Sed
179 1731 279 1774 huic
317 1732 370 1775 de
417 1732 574 1775 futuris
618 1731 885 1788 temporibus
924 1732 1207 1788 disputationi
1245 1746 1384 1788 pauca
1421 1736 1523 1775 sunt
1558 1733 1625 1775 in-

57 1791 242 1835 serenda
273 1791 328 1835 de
360 1791 560 1835 clausulis
593 1793 734 1834 nuntii
765 1793 1021 1834 orationum.
1074 1791 1186 1835 Nam
1216 1794 1391 1848 negavit
1410 1793 1625 1849 interpres

55 1865 130 1894 638
173 1855 289 1894 stare
327 1866 454 1907 posse
492 1852 575 1894 nisi
612 1855 901 1895 statueremus
948 1866 1094 1906 regem
1125 1853 1166 1894 in
1202 1853 1290 1895 suis
1323 1852 1497 1895 demum
1528 1866 1625 1895 013-

54 1910 246 1954 tionibus
292 1911 454 1966 eligere
501 1911 762 1964 defensores,
812 1915 943 1967 atque
980 1912 1120 1955 vetuit
1148 1913 1277 1955 etiam
1303 1912 1382 1955 has
1409 1912 1625 1955 clausulas

54 1969 266 2027 Aeschylo
302 1971 449 2015 tribui.
518 1971 611 2014 Hac
647 1972 692 2013 in
730 1985 777 2014 re
816 1972 943 2014 nimis
981 1975 1134 2026 argute
1174 1972 1393 2028 judicasse
1437 1972 1623 2015 videtur.

58 2029 230 2073 Etenim
262 2031 353 2074 sine
386 2029 518 2073 dubio
550 2031 831 2074 concesserim
861 2030 1063 2074 Richtero
1094 2045 1167 2074 eas
1203 2046 1331 2088 posse
1353 2036 1469 2075 stare
1493 2032 1625 2075 etiam

58 2089 95 2132 si
126 2090 362 2145 fingeretur
392 2090 583 2132 nondum
615 2105 642 2133 a
672 2105 773 2146 rege
806 2090 937 2134 duces
970 2105 1064 2135 esse
1088 2091 1269 2142 electos;
1301 2091 1379 2135 sed
1400 2092 1627 2148 quaeritur

57 2149 200 2193 sintne
246 2150 412 2193 alienae
458 2149 513 2192 ab
553 2151 689 2193 altera
725 2150 897 2194 fictione
943 2165 1075 2207 quam
1112 2152 1157 2193 in
1195 2151 1329 2207 priori
1374 2151 1626 2207 tragoediae

55 2212 180 2265 parte
224 2213 398 2266 poetam
442 2210 682 2253 insecutum
729 2224 822 2253 esse
868 2211 1148 2254 ostendimus.
1211 2211 1272 2254 Ut
1308 2212 1442 2267 igitur
1472 2225 1626 2255 scenae

56 2267 385 2312 fundamentum
417 2270 588 2312 omnino
619 2274 766 2326 posset
792 2269 949 2325 ι130616,
991 2270 1228 2327 Aeschylus
1261 2272 1321 2314 810
1352 2271 1504 2314 debuit
1535 2286 1626 2315 rem

58 2328 287 2372 instituere
317 2332 368 2371 ut
397 2329 582 2385 fingeret
612 2330 811 2372 nuntium
837 2330 930 2385 Jam
960 2344 1046 2373 non
1073 2330 1234 2374 habere
1255 2332 1474 2386 cognitum
1495 2346 1626 2387 quos-

60 2401 162 2431 nam
193 2388 323 2431 duces
355 2403 432 2431 rex
464 2389 666 2445 elegisset
696 2389 752 2432 ad
783 2393 930 2445 portas
962 2389 1269 2433 defendendas
1325 2390 1395 2434 Sic
1414 2391 1487 2434 ille
1509 2391 1626 2447 apud

57 2451 205 2504 portas
243 2452 526 2504 conspexerat
562 2450 777 2492 neminem
814 2449 897 2491 nisi
929 2448 1060 2493 duces
1098 2450 1299 2505 Argivos3
1345 2450 1536 2494 Thebani
1572 2452 1626 2494 iis

58 2506 248 2550 nondum
288 2511 412 2551 erant
449 2523 532 2566 opp
505 2509 652 2565 positi:
692 2509 822 2551 immo
860 2508 963 2551 dum
1002 2509 1116 2552 redit
1152 2510 1330 2553 nuntius
1361 2511 1406 2553 in
1438 2524 1623 2563 scenam,

59 2566 191 2610 duces
235 2567 534 2611 Thebanorum
580 2568 636 2611 ad
683 2582 807 2611 suum
854 2569 1036 2636 quisque
1089 2568 1230 2611 locum
1280 2569 1623 2626 proficiscuntur.

58 2625 255 2681 Namque
292 2631 393 2683 post
416 2643 482 2670 vv.
515 2628 763 2678 265—269,
798 2627 955 2683 quibus
992 2629 1035 2670 in
1077 2627 1272 2671 veisibus
1310 2629 1444 2673 verba
1486 2628 1626 2677 »τάξω

60 2683 229 2742 ἁντηρέ
216 2699 288 2730 ας
305 2684 400 2731 εἷς
383 2689 633 2744 επτατειχεῖς·
651 2685 839 2732 efficiam«
868 2687 973 2730 nihil
1006 2687 1156 2731 dicunt
1176 2689 1258 2731 nisi
1290 2688 1395 2732 haec
1431 2689 1626 2732 »mittam

58 2744 328 2788 adversarios
359 2747 403 2788 in
434 2750 582 2803 portas
615 2750 780 2803 septem
813 2746 1133 2790 defendendas«
1169 2747 1236 2791 vel
1267 2751 1317 2791 ut
1347 2753 1448 2791 utar
1476 2748 1626 2804 lingua

19 2810 26 2816 ’
58 2804 288 2848 vernacula
335 2805 427 2848 »ich
481 2805 568 2847 will
605 2805 908 2862 Vertheidiger
959 2806 1028 2850 fiir
1071 2806 1140 2850 die
1181 2807 1328 2851 sieben
1373 2808 1510 2852 Thore
1547 2808 1624 2852 be-

59 2863 260 2916 ordern«,
283 2879 359 2908 rex
377 2866 420 2907 in
438 2869 580 2908 castra
596 2865 802 2909 festinare
820 2870 887 2909 est
903 2867 1156 2922 cogitandus
1172 2870 1222 2910 ut
1237 2872 1460 2924 portarum
1477 2869 1624 2924 singu-

58 2922 198 2967 larum
214 2923 463 2968 defensores
480 2924 612 2980 eligat
628 2939 787 2981 cosque
809 2925 865 2969 ad
883 2940 1007 2969 suum
1031 2941 1244 2983 quemque
1260 2926 1402 2971 locum
1418 2928 1622 2971 dimittat.

0 3009 1 3012 =
59 2981 213 3038 Itaque
246 2985 448 3039 quoniam
479 2985 657 3028 nuntius
689 2999 772 3029 non
805 2987 1027 3043 conspexit
1047 2987 1160 3030 viros
1181 2986 1407 3031 Thebanos
1426 2986 1623 3031 hostibus
