1858 3320
856 225 1147 266 —24—

221 358 401 409 possunt
438 353 621 409 intelligi
657 354 737 395 nisi
775 356 1013 395 statuemus
1050 350 1280 393 »διανταίαν
1317 352 1495 407 πλαγάν«
1537 355 1651 399 idem
1689 370 1782 400 esse
1843 356 1847 358 ’

223 417 353 467 atque
404 413 563 456 »ictum
608 411 929 462 mortiferum«;
976 426 1075 454 nam
1122 412 1362 467 Antigonae
1407 412 1590 457 fratrum
1634 429 1783 459 necem

220 471 386 526 lugenti
417 472 679 527 respondent
708 471 913 525 virgines:
966 471 1096 513 »dicis
1128 485 1198 513 eos
1228 471 1420 515 intulisse
1451 472 1603 516 volnus
1633 474 1782 517 morti-

220 530 359 572 ferum
381 531 629 587 corporibus
659 531 747 572 suis
770 534 814 571 et
835 530 1069 573 domibus«.
1133 528 1333 574 Ceterum
1353 531 1472 574 illam
1493 533 1548 575 ad
1567 532 1783 576 fictionem

220 590 329 632 bene
376 591 587 644 quadrare
640 589 808 631 videtur
855 589 969 643 quod
1014 588 1134 631 nullo
1180 589 1272 631 loco
1335 589 1558 646 Polynices
1607 595 1785 635 vocatur

220 648 396 691 Adrasti
426 663 544 691 soce1
577 652 621 691 ct
643 647 837 690 Eteocles
869 662 964 690 cum
995 649 1039 690 in
1071 648 1318 696 universum
1348 650 1488 692 verbis
1521 651 1783 705 gravissimis
1850 644 1858 650 ²

219 707 464 750 invehitur
453 722 495 750 111
513 708 698 761 virgines
715 708 958 762 pavitantes
975 710 1066 749 tum
1083 707 1148 749 his
1165 708 1303 750 utitur
1319 709 1509 752 versibus
1526 708 1631 765 (170
1647 709 1780 765 sqq)

498 766 587 822 μήτ’
620 764 662 806 ἐν
693 768 862 807 κακοῖσιν
886 765 978 823 μήτ>
1010 766 1052 807 ἐν
1083 766 1241 807 εὐεστοῖ
1268 766 1362 824 φίλῃ

505 824 678 873 ξυνθίκθς
706 822 790 882 Εἴην
822 827 883 880 Τῷ
911 840 1118 881 γυναικείῳ
1150 841 1252 880 revel

219 885 281 926 sic
311 888 360 926 ut
391 885 460 926 vix
492 884 696 926 credibile
728 884 926 927 videatur
957 899 1054 927 eum
1085 899 1290 939 umquam
1330 887 1679 930 consuetudinem
1713 901 1783 930 co-
1854 885 1858 892 ²

218 943 350 986 luisse
396 958 492 985 cum
536 942 720 986 feminis.
783 944 900 994 Quae
948 959 1044 986 cum
1089 945 1152 986 ita
1183 945 1281 996 sint,
1321 959 1399 987 suo
1426 946 1522 1001 jure
1555 942 1784 989 Schneide-
1855 989 1858 992 Α

221 1002 375 1044 winius
421 1003 553 1045 verba
595 1002 734 1057 »μενεῖ
765 1001 915 1043 κτέανα
955 1002 1207 1055 τ’ἐπιγόνοιςη
1250 1005 1477 1048 admittere
1516 1009 1647 1060 negat
1676 1005 1788 1048 hano
1854 1037 1858 1057 «Χ

220 1062 621 1117 interpretationem
679 1063 940 1105 »manebunt
979 1064 1271 1118 possessiones
1302 1064 1603 1118 postgeniffls«,
1656 1065 1786 1106 immo

221 1121 354 1163 verba
386 1120 447 1163 sic
476 1135 556 1177 per
585 1121 767 1163 ironiam
799 1121 1047 1177 accipienda
1079 1136 1173 1164 esse
1206 1122 1361 1165 suadet
1401 1127 1452 1165 ut
1482 1123 1627 1166 dicant
1656 1123 1786 1178 virgi-

221 1194 299 1222 nes
331 1194 506 1223 manere
537 1181 827 1236 possessiones
858 1181 1127 1223 minoribus
1117 1181 1170 1223 iis
1199 1181 1273 1236 qui
1294 1196 1380 1223 non
1402 1182 1502 1225 sint.
1549 1182 1668 1225 Haec
1687 1196 1786 1226 sen-

221 1240 362 1282 tentia
392 1239 498 1281 mihi
530 1240 704 1293 quidem
734 1240 877 1282 verbis
910 1240 1056 1294 qualia
1087 1244 1188 1283 sunt
1218 1241 1380 1283 tradita
1401 1256 1486 1284 non
1508 1241 1615 1284 satis
1637 1246 1787 1298 aperte

221 1299 455 1354 significari
486 1299 680 1349 videtum
711 1299 825 1342 idem
855 1298 946 1342 fere
979 1299 1171 1351 effertur,
1206 1301 1243 1342 si
1264 1299 1380 1342 facili
1401 1302 1646 1357 conjectura
1666 1301 1786 1344 811111-

218 1359 311 1401 bita
354 1372 433 1414 pro
481 1359 624 1401 dativo
673 1356 867 1412 ἐπιγόνοις
906 1359 1139 1402 scribemus
1177 1360 1485 1403 accusativum:
1533 1359 1787 1403 habebimus

222 1418 335 1461 enim
373 1417 484 1460 hanc
521 1418 779 1461 sententiam
831 1419 1169 1474 »exspectabunt
1207 1418 1275 1462 vel
1305 1419 1448 1475 potius
1478 1418 1788 1463 desiderabunt

219 1478 510 1533 possessiones
555 1478 864 1533 postgenitos«.
927 1477 988 1520 Ut
1033 1479 1167 1533 igitur
1213 1480 1460 1522 ostenderet
1489 1482 1621 1535 poeta
1658 1478 1786 1536 Poly-

218 1538 325 1579 nicis
358 1541 402 1579 et
422 1537 608 1579 Eteoclis
641 1538 770 1580 caede
798 1540 952 1579 mutua
972 1551 1124 1580 revera
1147 1539 1260 1580 diras
1283 1553 1377 1581 esse
1401 1539 1634 1581 exstinctas
1655 1542 1787 1594 atque

218 1596 380 1651 fugisse
413 1596 678 1648 daemonem,
712 1596 1003 1653 Epigonorum
1023 1596 1214 1639 fabulam
1234 1597 1548 1652 neglegendam
1569 1611 1663 1640 esse
1686 1612 1787 1641 cen·

219 1657 317 1708 suit,
352 1669 462 1711 quae
493 1655 641 1699 fabula
662 1670 745 1698 non
775 1656 902 1698 modo
923 1657 1149 1699 notissima
1169 1661 1264 1699 erat
1285 1657 1538 1711 aequalibus
1559 1658 1636 1700 sed
1656 1658 1787 1700 etiam

218 1717 271 1758 ab
304 1716 397 1771 ipso
428 1719 559 1771 poeta
588 1715 674 1758 alia
703 1716 748 1757 in
768 1715 1004 1770 tragoedia,
1039 1730 1149 1770 quae
1177 1720 1355 1759 vocatur
1382 1713 1582 1769 Ἐπίγονοι,
1612 1721 1789 1760 narrata

219 1789 313 1817 esse
359 1775 559 1817 traditur.
622 1775 687 1818 De
732 1774 915 1817 fratrum
950 1776 1083 1830 igitur
1119 1775 1219 1818 filiis
1256 1779 1518 1831 spectatores
1547 1776 1592 1818 in
1622 1777 1786 1819 incerto

216 1834 403 1889 relinqui
448 1834 603 1876 noluit:
654 1838 697 1877 et
733 1835 953 1878 credemus
985 1849 1083 1878 eum
1125 1835 1178 1878 de
1217 1835 1456 1890 Antigonae
1486 1834 1625 1878 salute
1657 1850 1730 1879 eos
1761 1850 1785 1879 e
1857 1883 1858 1887 ,

219 1894 389 1936 theatro
420 1895 584 1936 misisse
615 1908 796 1937 securos.
1856 1890 1858 1905 ¹

337 1953 420 1997 Sed
458 1953 582 1996 facile
622 1954 716 2008 quis
753 1954 914 2009 poterit
960 1955 1143 2010 objicere
1182 1968 1275 1996 esse
1307 1957 1457 1996 nostra
1485 1954 1532 1996 in
1562 1954 1787 2010 tragoedia

218 2013 353 2055 etiam
400 2013 507 2055 alias
538 2027 607 2056 res
638 2027 725 2055 non
755 2014 892 2068 magis
925 2027 1054 2067 quam
1085 2027 1257 2056 scenam
1288 2013 1407 2055 illam
1438 2013 1494 2055 ad
1525 2013 1656 2056 finem
1685 2029 1785 2070 per-

219 2072 383 2115 ductas.
445 2073 618 2116 Etenim
648 2074 834 2128 primum
864 2073 944 2115 hac
975 2074 1020 2114 in
1057 2087 1103 2115 re
1126 2073 1401 2115 offenderunt
1421 2073 1503 2115 viri
1523 2072 1638 2115 docti
1669 2073 1786 2128 quod

217 2135 391 2187 praeter
421 2132 636 2175 Eleoclem
669 2136 713 2175 et
738 2132 983 2188 Polynicem
1014 2136 1166 2174 mutua
1195 2147 1326 2174 manu
1357 2133 1518 2175 occisos
1545 2136 1786 2175 ceterorum

217 2192 418 2234 interitus
464 2207 550 2234 non
590 2195 705 2234 esset
741 2195 1016 2243 memoratus,
1065 2192 1247 2246 ideoque
1279 2195 1380 2234 ante
1412 2191 1689 2234 didascaliam
1719 2193 1784 2234 in-

217 2254 391 2293 ventam
422 2251 466 2293 in
498 2251 723 2306 tragoedia
753 2252 939 2306 quadam
973 2251 1258 2305 subsequenti
1293 2265 1390 2293 eum
1427 2252 1669 2307 expositum
1690 2265 1786 2294 esse

219 2315 480 2353 censuerunt
511 2309 613 2368 (vid.
639 2310 689 2353 G.
714 2310 952 2353 Hermanni
983 2325 1051 2366 op.
1075 2311 1170 2353 VII.
1204 2326 1246 2366 p.
1271 2308 1389 2367 209).
1438 2310 1562 2353 Nunc
1583 2311 1785 2365 quoniam

219 2369 452 2412 didascalia
498 2385 521 2412 e
567 2369 757 2413 tenebris
806 2374 930 2413 eruta
975 2373 1144 2412 constat
1188 2369 1433 2412 substitisse
1489 2369 1705 2425 trilogiam
1730 2370 1785 2412 rin

219 2428 337 2484 Sept.
370 2428 534 2481 fabula,
585 2430 806 2484 quaeritur
855 2431 967 2472 sitne
1010 2443 1161 2472 revera
1202 2429 1278 2471 illa
1323 2430 1374 2472 de
1413 2430 1566 2472 ceteris
1606 2429 1784 2472 ducibus

218 2489 410 2530 narratio
443 2490 503 2531 sic
534 2493 782 2544 comparata
817 2493 866 2532 ut
897 2490 949 2532 de
982 2503 1129 2531 eorum
1160 2488 1261 2531 fatis
1292 2489 1445 2531 incerti
1476 2488 1783 2543 relinquamur.

217 2547 323 2589 Mihi
355 2549 527 2603 quidem
558 2553 689 2603 poeta
719 2563 811 2591 rem
843 2550 903 2591 sic
932 2549 1171 2591 instituisse
1193 2549 1362 2590 videtur
1392 2551 1442 2590 ut
1477 2564 1542 2591 vv.
1562 2549 1647 2591 776
1665 2561 1782 2603 sqq.:

503 2607 612 2656 πόλις
639 2607 836 2664 πέφευγεν
867 2608 942 2665 ἥδε
973 2607 1127 2649 δούλιον
1159 2605 1289 2661 &urbm

505 2666 704 2709 πέπτωκεν
735 2667 897 2723 ἀνδρῶν
928 2666 1107 2723 ὀβρᾲιων
1139 2667 1415 2722 κομπάσματα,

503 2725 612 2774 mne
639 2726 750 2767 δ”ἐν
782 2726 899 2783 εὐδίᾳ
930 2742 972 2767 τε
1002 2727 1067 2768 καὶ
1097 2725 1314 2767 κλυδωνίου

505 2785 680 2826 πολλαῖσι
710 2786 874 2843 πληγαῖς
902 2784 1038 2827 ἄντλον
1069 2785 1141 2826 οὐκ
1170 2784 1348 2831 ἐδέξατο.

504 2843 629 2897 στέγει
660 2844 706 2886 δὲ
738 2845 886 2901 πύργος
913 2846 978 2886 καὶ
1009 2844 1133 2893 πύλας
1161 2843 1395 2901 φερεγγύοις

505 2902 801 2958 ἐφραξάμεσθα
826 2905 1086 2962 μονομάχοισϊ
1117 2904 1361 2959 προστάταις.

504 2962 635 3010 καλῶς
663 2961 783 3021 δ’ἔχει
816 2963 862 3004 τὰ
894 2964 1035 3005 πλεῖστ’
1067 2963 1111 3005 ἐν
1141 2962 1190 3009 ἓξ
1215 2963 1440 3019 πυλώμασιν
