1858 3320
679 247 970 288 —33—

45 375 214 420 Videtis
227 375 341 419 hunc
357 390 527 419 versum
544 389 629 418 non
642 378 758 418 recte
773 374 907 418 tribui
923 374 1235 430 interpolatori:
1256 374 1332 416 sed
1348 375 1439 429 ipse
1455 388 1607 418 scenae

45 440 196 479 auctor
225 436 270 478 in
302 451 429 478 versu
449 434 742 491 componendo
773 435 906 478 verba
930 434 1168 490 »στράτευμ’
1193 432 1366 474 ἐπακτόν
1388 432 1603 489 ἐμβαλών(

11 536 15 552 ,3
45 508 100 538 ex
118 496 252 551 ipsius
274 494 473 551 Aeschyli
493 511 532 539 v.
555 495 641 537 566
664 495 898 549 sumpsisse
919 494 1102 537 videtur.
1144 493 1312 536 Deinde
1334 493 1610 536 offenderunt

12 606 13 610 Ἰ
44 555 305 610 interpretes
338 555 396 597 ,ιιι
441 553 657 598 vocabulis
699 552 992 598 »Πολυνείκους
1035 551 1222 609 νεκρόνι,
1271 566 1383 608 quae
1425 557 1528 595 sunt
1565 554 1610 595 in

0 621 16 659 ’,
45 629 86 658 v.
123 615 229 657 997:
278 615 338 657 sic
380 613 560 657 Weilius
607 628 703 657 cum
750 627 836 656 non
883 614 992 656 bene
1045 613 1271 656 convenire
1323 612 1610 656 intellexisset

8 718 16 735 Ι
49 672 243 730 »νεκρόνι
299 677 343 716 et
397 671 727 730 »ἀναστατῆρα«,
779 673 960 728 conjecit
1015 669 1259 729 »Πολυνείκη
1310 670 1458 725 λέγωσι.
1532 671 1612 714 Est

47 733 223 789 quidem
252 733 522 788 probandum
554 733 670 788 quod
700 732 934 775 haeserunt
963 733 1008 774 in
1039 746 1086 774 re
1118 732 1200 775 viri
1231 731 1367 782 docti;
1406 731 1484 774 sed
1515 746 1611 774 meo

10 790 13 795 ’
47 792 207 848 quiden
248 792 410 848 judicio
441 792 621 836 offensio
659 796 754 835 erat
789 791 993 844 notanda,
1032 805 1118 834 non
1155 790 1362 834 tollenda.
1439 790 1612 834 Etenim

47 853 122 908 qui
154 851 328 907 quidem
355 851 522 908 judicet
552 853 644 894 sine
671 852 805 894 animi
834 852 1201 906 praesumptione,
1236 851 1442 894 concedet
1471 849 1613 907 νεκρόν

10 910 13 912 ’
46 911 291 955 omnimodo
322 911 484 966 requiri
519 914 697 966 propter
726 925 896 954 versum
944 911 1278 965 subsequentem
1335 907 1444 957 »ἔξω
1471 909 1614 964 βαλεῖν

8 970 19 1026 J
48 967 235 1012 ἄθαπτον
281 968 469 1027 ἁρπαγὴν
515 968 653 1010 xvcim<
742 970 862 1012 Haec
902 983 1012 1025 quae
1058 969 1259 1024 equidem
1305 970 1434 1012 attuli
1464 973 1612 1024 aperte

48 1029 283 1073 ostendunt
313 1043 465 1072 scenae
496 1029 728 1072 additiciae
759 1032 982 1072 auctorem
1012 1028 1144 1072 fuisse
1165 1032 1339 1083 poetam
1370 1029 1611 1072 indoctum:

0 1082 20 1131 ὁ
48 1089 126 1132 sed
157 1103 283 1144 spero
313 1089 428 1131 viros
461 1088 623 1140 doctOS‚
658 1089 731 1144 qui
751 1103 820 1132 me
847 1089 1074 1143 peritiores
1106 1092 1208 1131 sunt
1237 1088 1410 1143 linguae
1434 1102 1614 1144 graecae

0 1154 20 1193 ι
48 1149 193 1203 legum
238 1152 370 1204 atque
417 1149 622 1191 orationis
654 1147 939 1204 Aesehyleae
986 1147 1067 1191 hac
1113 1163 1166 1190 ex
1213 1161 1343 1191 scena
1388 1148 1614 1191 addituros

3 1261 8 1270 ¹
49 1221 144 1251 esse
174 1222 261 1253 non
290 1221 430 1263 pauca
459 1208 596 1250 multo
634 1208 774 1286 spatio
806 1208 860 1250 ab
893 1210 986 1251 arte
1033 1211 1164 1263 atque
1210 1208 1384 1262 ingenio
1415 1207 1616 1264 Aeschyli

51 1267 272 1311 distantia.

167 1327 266 1370 Jam
296 1330 347 1370 ut
376 1327 507 1370 finem
551 1326 758 1370 faciamus
789 1326 887 1369 huic
937 1326 1256 1370 dissertationis
1301 1327 1436 1382 parti,
1487 1340 1618 1369 scena

0 1386 16 1431 ι
50 1401 138 1431 ιιοιι
194 1386 331 1429 multo
391 1389 492 1441 post
542 1386 784 1441 Antigonae
847 1385 1110 1441 Sophocleae
1180 1389 1377 1441 tempora
1437 1386 1617 1429 carmini

0 1454 16 1485 Ι
50 1446 288 1503 Aeschyleo
333 1446 506 1489 videtur
551 1459 646 1488 esse
692 1445 873 1501 adjecta.
964 1445 1048 1487 Illa
1094 1446 1208 1488 enim
1254 1445 1403 1489 fabula
1448 1446 1616 1501 insigne

0 1512 15 1547 ι
50 1507 290 1562 Antigonae
320 1505 487 1549 facinus
519 1509 608 1547 tam
639 1504 910 1560 praeclarum
940 1503 1103 1547 factum
1150 1508 1218 1548 est
1254 1509 1304 1547 ut
1336 1520 1433 1548 cum
1464 1509 1618 1560 postea

0 1572 15 1622 ι
50 1567 147 1621 quis
177 1564 377 1621 Aeschyli
422 1564 692 1619 tragoediam
726 1565 772 1606 in
809 1578 982 1613 scenam
1032 1568 1148 1607 esset
1194 1564 1472 1617 reducturus,
1520 1579 1616 1608 eam

0 1620 15 1672 li
51 1626 133 1668 sibi
164 1629 356 1668 sumeret
386 1625 510 1680 quasi
542 1624 597 1667 ad
629 1624 758 1668 finem
789 1623 1124 1679 perducendam.

612 2014 830 2090 Tertia
877 2033 1064 2107 pars.>

10 2197 16 2213 ,ἔ
172 2159 362 2203 Primum
393 2159 704 2216 Westphalius‚
743 2161 809 2203 vir
840 2159 1113 2203 doctissimus
1146 2163 1190 2202 et
1221 2160 1535 2214 argutissimus,
1576 2160 1621 2202 in

0 2214 16 2275 ¹}
53 2219 308 2263 lectionibus
340 2221 442 2272 suis,
477 2220 592 2274 quod
625 2220 811 2275 comperi
833 2234 886 2262 ex
907 2222 1226 2275 programmate
1248 2233 1275 2261 a
1297 2218 1544 2262 Steusloffio
1568 2218 1621 2262 de

0 2277 15 2318 li
56 2279 254 2336 Aeschyli
300 2279 504 2335 religione
553 2280 793 2335 conscripto
840 2276 1002 2336 (»Zeus
1049 2279 1137 2321 und
1185 2278 1254 2321 die
1302 2277 1499 2322 Gottheit
1545 2279 1622 2322 des

9 2342 15 2400 j
55 2338 317 2395 Aeschylus«
353 2339 477 2382 Lissa
510 2338 643 2393 1867)
685 2342 730 2381 et
760 2353 812 2381 ex
843 2339 896 2380 iis
929 2352 1039 2393 quae
1072 2337 1355 2381 Oberdickius
1387 2337 1624 2394 publicavit

0 2413 15 2443 ,ι
55 2398 100 2442 in
131 2402 213 2441 act.
246 2411 344 2441 ann.
378 2399 439 2442 lit.
473 2399 647 2441 Jenens.
686 2399 812 2441 1876.
846 2397 926 2440 sub
959 2413 999 2440 n.
1033 2398 1133 2450 380,
1174 2399 1339 2440 animos
1377 2397 1623 2441 auditorum

0 2487 3 2495 ι
56 2457 282 2502 attendere
321 2462 388 2501 est
426 2457 578 2500 solitus
617 2457 671 2500 ad
707 2456 895 2500 indolem
933 2457 1073 2500 Prom.
1107 2457 1234 2499 vinct.
1274 2456 1445 2500 fabulae
1478 2458 1624 2512 singu-

0 2529 14 2573 13
55 2516 191 2560 larem
224 2532 360 2572 eoque
393 2522 459 2561 est
489 2531 744 2573 progressus
782 2521 832 2559 ut
872 2530 966 2559 eam
998 2516 1137 2572 qualis
1170 2516 1293 2559 nobis
1326 2521 1442 2560 esset
1462 2516 1648 2560 tradita·

0 2577 15 2612 f
56 2581 156 2633 post
187 2577 443 2633 Aeschylum
475 2580 708 2620 correctam
741 2590 835 2619 esse
864 2580 1071 2619 censeret.
1121 2576 1262 2631 Atque
1285 2576 1467 2619 offendit
1487 2577 1626 2620 virum

58 2636 231 2679 doctum
264 2640 309 2678 et
339 2641 640 2691 argumentum
671 2634 844 2679 fabulae
877 2639 921 2678 et
951 2635 1102 2678 forma.
1157 2635 1328 2678 Etenim
1361 2635 1478 2679 credi
1498 2650 1625 2692 posse

58 2695 233 2750 negavit
263 2699 436 2751 poetam
469 2696 542 2749 qui
574 2696 729 2738 ceteris
761 2696 803 2737 in
836 2695 1068 2750 tragoediis
1100 2695 1352 2750 religionem
1381 2709 1408 2738 a
1429 2695 1627 2752 patribus

58 2758 278 2810 acceptam
318 2770 402 2797 non
441 2754 566 2797 modo
606 2755 698 2811 ipse
738 2769 911 2798 servare
944 2754 1103 2797 soleret
1135 2769 1303 2797 summa
1333 2769 1430 2798 cum
1461 2756 1626 2811 pietate

59 2813 137 2856 sed
176 2814 305 2856 etiam
343 2829 394 2857 ex
432 2828 485 2857 ca
522 2828 690 2857 summa
729 2828 824 2856 cum
864 2815 1077 2869 gravitate
1109 2813 1302 2870 proferre
1334 2814 1441 2857 talia
1471 2815 1627 2870 quibus

58 2873 252 2915 homines
300 2873 356 2916 ad
402 2874 566 2929 optima
603 2887 800 2928 quaeque
842 2877 1020 2930 possent
1051 2873 1160 2925 duci,
1210 2873 1319 2917 adeo
1350 2888 1377 2916 a
1408 2888 1453 2917 se
1486 2875 1628 2930 ipsum

8 2975 11 2978 ,
60 2932 288 2975 descivisse
327 2937 376 2975 ut
414 2932 494 2975 hac
532 2934 576 2975 in
614 2932 762 2975 sabula
800 2947 1013 2975 summum
1046 2933 1175 2975 deum
1207 2947 1292 2976 non
1324 2933 1451 2976 modo
1482 2933 1629 2975 Parcis

60 2990 287 3046 Furiisque
327 2991 403 3035 sed
443 2993 572 3036 etiam
612 2991 780 3036 libidini
819 2997 950 3048 atquc
982 2993 1161 3036 arbitrio
1203 2992 1435 3049 subjiceret
1465 2992 1629 3036 Titanis

1297 3077 1319 3111 3
