1858 3320
839 234 1132 275 -66-.,.

202 367 307 408 satis
341 368 584 420 appareant
604 363 709 407 mihi
739 363 868 406 liceat
901 364 1140 406 exscribere
1171 364 1316 414 verba,
1351 377 1461 418 quae
1493 364 1650 407 ommia
1679 363 1771 407 fere

197 426 358 468 retinui
391 440 440 468 ex
475 425 633 468 codicis
665 423 917 465 traditione:

513 484 600 539 ἐμοὶ
631 482 666 524 δ’
699 483 765 524 ὅτε
791 482 867 537 μὲν
900 481 1049 538 ὁμαλὸς
1077 482 1100 521 ὁ
1132 482 1265 537 γάμος,

514 542 697 614 ἄφοβος
700 541 747 582 ου’
779 541 894 583 δέδια
919 541 1027 599 μηδὲ
1057 541 1299 598 κρεισσόνων

514 601 639 651 θεων,
672 599 780 657 ἔρως
808 599 982 657 ἄφυκτον
1015 598 1122 657 ὄμμα
1154 600 1398 657 προσδράκοι
1423 616 1489 657 με.

514 661 714 716 ἁπολεμος
742 660 815 701 οδε
846 661 905 714 γό
937 661 1108 716 πόλεμος
1137 659 1272 717 ἄπορα
1304 660 1470 717 πόριμος

510 720 596 762 οὐδ’
628 718 713 778 ἔχω
744 719 799 768 τίς
828 719 876 761 ἂν
907 719 1102 776 γενοιᾷιαν·

511 780 582 821 τὰν
618 779 709 827 Διος
737 779 813 836 γὰρ
846 779 922 837 οὐχ
953 780 1042 853 ὁρῶ

508 842 623 897 μῆτιν
655 839 737 895 dm
769 838 924 895 φυγοᾳί
957 838 1017 881 ἄν.
1827 879 1828 882 ,

196 900 324 942 Prior
357 900 493 953 igitui
538 913 686 942 versus
726 903 792 941 est
825 899 1006 942 dimeter
1051 899 1278 950 iambicus,
1326 899 1483 942 tertius
1515 902 1560 941 et
1591 902 1772 954 quartus
1824 899 1829 933 ἶ

196 960 382 1002 trimetri
428 959 599 1001 iambici
645 959 733 1000 sive
764 958 1180 1014 hypercatalecticus
1220 959 1309 1001 sive
1349 958 1649 1009 catalecticum
1696 959 1771 1014 qui
1824 964 1830 994 ἴ

198 1020 523 1073 subsequuntur
569 1032 719 1061 versus
763 1022 863 1060 sunt
895 1019 1068 1061 dimetri
1114 1018 1320 1061 trochaici
1367 1019 1456 1062 sive
1504 1017 1772 1061 acatalectus

196 1080 284 1121 sive
308 1078 606 1128 catalecticus3
639 1077 838 1120 clausula
860 1082 927 1120 est
947 1079 1145 1121 trimeter
1166 1078 1453 1132 logaoedicus,
1489 1077 1601 1120 alter
1623 1081 1772 1121 autem
1828 1095 1830 1097 ’

196 1152 346 1181 versus
379 1141 443 1180 est
480 1138 678 1180 trimeter
715 1137 979 1190 trochaicus,
1029 1138 1150 1193 cujus
1197 1142 1337 1180 metra
1367 1138 1545 1180 tertium
1577 1141 1622 1180 et
1650 1138 1772 1192 prius

197 1201 299 1240 sunt
330 1197 595 1240 catalectica.
660 1197 751 1240 Hos
783 1211 985 1240 numeros
1008 1197 1062 1240 ab
1085 1196 1293 1253 Aeschylo
1327 1196 1490 1240 alienos
1519 1210 1614 1239 esse
1645 1211 1772 1240 nemo

196 1258 360 1313 poterit
391 1258 633 1308 ostendere,
683 1261 816 1311 atque
853 1258 946 1311 ipse
977 1256 1272 1311 Westphalius
1319 1258 1496 1311 negavit
1526 1270 1600 1300 eos
1632 1256 1687 1300 ab
1719 1271 1772 1301 eo
1834 1259 1840 1278 '³

197 1331 326 1372 posse
372 1316 625 1372 abjudicari
704 1316 816 1358 Nam
856 1320 900 1359 et
937 1316 1182 1359 iamboium
1227 1316 1422 1372 syllabae
1467 1316 1622 1371 longae
1656 1317 1773 1372 apud
1835 1348 1837 1355 2

200 1391 311 1428 eum,
345 1380 395 1418 ut
416 1376 606 1419 reddant
626 1377 758 1418 animi
780 1376 1002 1431 quandam
1023 1376 1328 1428 turbationem,
1363 1376 1589 1419 solvuntur
1608 1377 1772 1431 saepis·
1840 1373 1851 1402 ³

197 1437 302 1479 sime
335 1440 378 1478 et
408 1451 554 1479 versus
585 1436 792 1478 trochaici
822 1451 908 1478 non
939 1437 1065 1479 modo
1096 1437 1394 1479 immiscentur
1429 1436 1660 1504 iambicis,
1695 1435 1773 1479 sed
1838 1443 1852 1468 ⁴·

199 1496 329 1538 etiam
359 1499 410 1538 ut
440 1511 479 1539 v.
515 1497 599 1538 902
638 1497 682 1538 in
722 1496 1036 1538 sententiarum
1076 1500 1120 1539 et
1151 1511 1190 1539 v
1226 1497 1374 1539 903—
1387 1496 1474 1539 904
1504 1496 1548 1538 in
1579 1495 1773 1550 ipsarum
1842 1544 1845 1546 ,

199 1555 476 1611 stropharum
508 1556 627 1598 exitu
672 1559 905 1611 ponuntur.
984 1556 1192 1598 Attamen
1229 1559 1466 1610 potuerunt
1495 1554 1559 1597 illi
1603 1555 1774 1598 numeri
1844 1556 1854 1598 ſs

199 1616 332 1658 etiam
362 1619 462 1671 post
492 1615 750 1672 Aeschylum
786 1616 1000 1672 componi:
1037 1616 1197 1659 etenim
1227 1616 1320 1671 ipse
1348 1614 1643 1670 Westphalius
1674 1629 1774 1658 cum
1850 1622 1853 1631 '

198 1679 348 1730 ageret
386 1675 440 1718 de
486 1676 751 1730 tragicorum
795 1676 1084 1730 posteriorum
1117 1675 1305 1731 strophis
1351 1674 1559 1726 iambicis,
1606 1675 1776 1718 monuit

198 1734 369 1778 iambos
401 1734 660 1791 Aeschyleos
692 1739 780 1778 tam
813 1735 982 1778 firmam
1022 1736 1168 1778 sedem
1201 1734 1284 1777 sibi
1314 1748 1493 1789 parasse
1523 1735 1570 1777 in
1600 1737 1773 1789 tragoe-

201 1795 284 1837 diis
315 1798 365 1837 ut
395 1794 624 1850 Euripides
656 1796 702 1837 in
732 1795 982 1838 universum
1014 1799 1058 1838 et
1087 1796 1180 1850 ipse
1214 1809 1285 1838 eos
1315 1795 1579 1847 imitaretur,
1619 1807 1773 1849 quam-

203 1868 336 1909 quam
368 1868 464 1896 cum
498 1855 586 1897 alia
617 1869 695 1897 suo
728 1869 781 1897 ex
813 1854 994 1897 arbitrio
1025 1856 1255 1897 immutare
1295 1854 1472 1907 soleret,
1519 1859 1614 1898 tum
1645 1854 1775 1898 sicuti

202 1914 299 1956 aliis
330 1914 375 1955 in
406 1914 592 1970 strophis
613 1915 754 1956 rarius
775 1929 936 1970 ponere
969 1915 1197 1957 catalexim
1226 1915 1494 1957 interiorem:
1527 1914 1607 1956 hac
1627 1916 1774 1957 autem

204 1973 394 2016 catalexi
426 1978 576 2016 carent
609 1975 740 2017 etiam
772 1974 836 2016 illi
857 1974 1000 2016 Prom.
1034 1974 1210 2016 fabulae
1241 1973 1390 2016 iambi.
1454 1973 1540 2016 Sed
1561 1988 1615 2016 ex
1644 1972 1775 2016 rebus

201 2034 393 2075 metricis
439 2047 537 2076 mea
582 2034 798 2077 sententia
827 2048 930 2082 ,non
978 2037 1124 2090 potest
1170 2033 1357 2076 discerni
1404 2037 1551 2075 utrum
1587 2032 1643 2075 ab
1681 2034 1774 2088 ipso

201 2092 416 2148 Aeschylo
446 2093 642 2149 prosecta
674 2095 731 2136 sit
763 2094 927 2149 epodus
959 2108 1106 2136 necne.

330 2152 455 2195 Nunc
502 2157 639 2196 restat
685 2157 735 2195 ut
777 2154 966 2209 judicem
1014 2154 1067 2196 de
1115 2153 1383 2196 canticorum
1430 2155 1685 2206 argumento
1732 2156 1778 2195 et

203 2212 415 2254 oratione.
494 2212 636 2267 Atque
685 2213 937 2256 exordiatur
983 2213 1222 2268 disputatio
1264 2212 1319 2255 ab
1368 2227 1418 2255 eo
1450 2212 1615 2254 cantico
1660 2212 1777 2267 quod

202 2275 270 2313 est
311 2285 337 2313 a
367 2287 406 2315 v.
448 2272 548 2315 401.
626 2272 825 2327 Namque
873 2274 1117 2315 sententiae
1165 2287 1400 2328 earumque
1453 2285 1669 2314 connexus
1714 2272 1777 2315 sic

202 2331 434 2374 concinunt
476 2347 573 2374 cum
606 2332 879 2388 antistropha
918 2347 1031 2387 quae
1065 2336 1130 2375 est
1158 2333 1204 2374 in
1235 2347 1302 2375 vv.
1339 2332 1421 2374 145
1455 2345 1563 2387 sqq„
1611 2334 1660 2373 ut
1690 2345 1777 2375 non

203 2390 409 2433 credibile
455 2392 656 2434 videatur
688 2391 773 2435 duo
814 2393 1011 2435 carmina
1043 2392 1191 2434 deberi
1221 2393 1297 2434 uni
1335 2392 1560 2447 eidemque
1603 2394 1774 2446 poetae.

203 2450 377 2492 Etenim
408 2465 673 2507 quamquam
706 2455 839 2494 antea
869 2453 1058 2507 virgines
1092 2451 1321 2494 edixerunt
1351 2465 1445 2493 sese
1474 2449 1779 2493 Prometheum

202 2510 393 2552 vinctum
441 2512 548 2554 adeo
593 2512 788 2554 miserari
834 2515 884 2554 ut
927 2512 1117 2554 lacrimis
1164 2516 1408 2566 temperare
1454 2524 1541 2552 non
1586 2513 1776 2565 possent,

205 2573 356 2612 tamen
401 2569 519 2612 idem
565 2570 786 2613 affirmant
824 2572 870 2612 in
900 2587 967 2614 vv.
1002 2570 1250 2614 401—404.
1330 2570 1440 2620 Quid
1478 2569 1595 2623 quod
1640 2569 1780 2611 altera

204 2643 319 2683 pars,
354 2629 490 2684 priori
523 2631 694 2672 adnexa
726 2630 942 2686 particula
973 2630 1072 2687 γάρ,
1117 2631 1163 2672 111
1195 2629 1404 2672 alterutro
1442 2629 1632 2671 carmine
1661 2627 1779 2671 idem

203 2688 294 2731 fere
328 2690 532 2732 continet.
610 2690 661 2731 In
692 2691 825 2746 priori
858 2691 972 2732 enim
1003 2690 1104 2733 novi
1136 2689 1294 2732 domini
1331 2690 1376 2730 in
1409 2688 1590 2744 Olympo
1628 2687 1777 2731 sedere

207 2748 407 2789 dicuntur
446 2753 489 2791 et
519 2749 690 2803 Jupiter
727 2750 1001 2804 potissimum
1039 2763 1223 2804 regnare
1262 2763 1373 2791 novo
1413 2747 1695 2802 inauditoque
1725 2760 1779 2789 ex

206 2807 405 2849 arbitrio.
448 2809 522 2862 qui
552 2812 698 2851 autem
730 2813 860 2852 antea
889 2808 1051 2852 fuerint
1074 2809 1341 2877 superiore&
1383 2821 1455 2850 eos
1485 2820 1600 2849 nunc
1629 2804 1778 2851 deleri·

205 2865 329 2908 Idem
365 2866 455 2909 fere
494 2868 755 2922 profitentur
785 2872 936 2924 postea
975 2869 1164 2924 virgines
1210 2868 1407 2911 eaedem:
1456 2880 1553 2909 sese
1581 2865 1780 2909 lacrimas

206 2923 388 2967 fundere
426 2927 549 2969 aiunt
585 2931 764 2983 propter
794 2928 1119 2979 Prometheum3
1167 2941 1268 2970 nam
1304 2927 1456 2970 Jovem
1493 2939 1570 2968 suo
1605 2924 1780 2994 proprio

212 2997 266 3026 ex
298 2985 476 3028 albitrio
508 2991 775 3042 regnantem,
809 2988 880 3030 vix
911 2991 962 3031 ut
991 2987 1096 3031 ferri
1126 2988 1270 3044 possit,
1303 2987 1369 3029 uti
1394 2987 1440 3028 in
1463 2999 1534 3028 eos
1557 2985 1631 3041 qui
1650 2987 1782 3028 antea
