1858 3320
0 3025 21 3104 ζ-ριητ·
0 3007 13 3021 1,·“
0 2996 5 3001 -’
2 2982 11 2990 „-

713 225 1005 268 —57—

78 359 283 402 accedere
311 358 522 414 judicavit
555 357 611 399 ad
642 356 760 411 leges
793 354 1066 410 Euripideas.
1130 352 1237 395 Mihi
1270 354 1442 408 quidem
1472 351 1646 395 videtur

18 443 21 446 ⁴
76 419 143 462 vir
188 418 340 461 doctus
387 417 514 460 nimis
551 416 793 472 respexisse
826 415 883 458 ad
914 427 1117 457 numeros
1149 426 1352 455 versuum
1383 412 1644 462 ultimorum,

16 473 25 519 7.
77 492 356 534 quamquam,
389 478 435 519 ni
465 476 605 527 fallor,
652 479 829 532 propter
865 474 1018 516 horum
1049 486 1254 516 versuum
1284 471 1417 527 pedes
1451 471 1647 527 dactylos

15 535 19 556 ‘
77 553 162 580 non
194 537 343 580 debuit
374 541 566 580 statuere
598 535 814 591 placuisse
845 537 1001 589 poetae
1030 533 1134 576 totis
1155 532 1200 573 in
1222 532 1485 574 carminibus
1506 535 1649 573 metra

17 640 19 643 ,
78 597 365 654 episyntheta.
427 595 626 652 Namque
658 595 790 638 ceteri
821 607 971 637 versus
1001 593 1167 635 habent
1197 605 1399 634 numeros
1438 591 1647 633 iambicos

21 693 23 695 .
77 657 266 700 catalexi
298 670 430 712 quam
460 669 664 698 vocamus
694 654 900 697 interiore
933 656 1144 695 carentes.
1208 650 1463 707 cujusmodi
1497 664 1648 693 versus

81 717 137 759 ab
168 716 379 772 Aeschylo
410 717 455 758 in
486 715 731 771 planctibus
763 714 1037 769 potissimum
1066 713 1231 767 positos
1265 725 1359 754 esse
1390 724 1461 752 res
1484 714 1551 752 est
1571 724 1648 752 no-

76 777 265 819 tissima:
315 776 375 818 sic
412 775 690 818 inveniuntur
726 775 772 816 in
803 772 989 829 Choeph.
1023 771 1200 814 fabulae
1231 786 1297 814 vv.
1321 771 1572 821 410-416,
1606 773 1650 812 et

77 836 122 878 in
156 836 272 892 Sept.
305 835 481 878 fabulae
521 834 698 890 planctu
743 833 818 876 illo
867 834 923 875 ab
964 832 1183 887 Antigona
1230 835 1274 873 et
1314 830 1490 873 Ismena
1531 829 1649 872 edito

78 895 132 938 de
163 894 373 938 fratribus
394 894 575 936 mortuis
597 898 641 936 et
661 894 706 936 in
727 892 845 936 Pers.
869 892 1047 935 fabulae
1076 892 1190 945 regis
1213 904 1450 946 senumque
1471 889 1650 945 planctu

79 959 228 998 mutuo
258 954 360 996 inde
394 968 421 996 a
452 970 490 996 v.
517 954 645 997 1009.
708 953 864 1008 Itaque
903 965 1171 1008 quamquam
1202 965 1327 993 nemo
1359 964 1554 1006 unquam
1584 950 1650 991 in-

14 1019 15 1022 ’
78 1015 291 1057 fitiabitur
321 1014 495 1069 saepius
528 1028 654 1055 usum
686 1027 780 1056 esse
812 1016 988 1068 poetam
1019 1012 1214 1054 versibus
1241 1010 1440 1053 iambicis
1462 1009 1651 1052 catalexi

78 1074 283 1117 interiore
314 1073 569 1127 insignibus
603 1077 753 1115 tamen
785 1072 987 1128 equidem
1018 1071 1124 1114 mihi
1154 1085 1241 1113 non
1273 1084 1450 1126 possum
1470 1083 1651 1125 persua-

14 1151 16 1154 ·
80 1134 182 1176 dere
222 1148 320 1176 eum
357 1133 442 1175 illis
480 1133 526 1175 in
564 1131 706 1175 Prom.
745 1131 921 1175 fabulae
961 1131 1224 1174 carminibus
1262 1145 1424 1186 ponere
1455 1144 1538 1171 non
1574 1143 1651 1184 po-

78 1195 213 1236 tuisse
244 1207 386 1236 meros
418 1193 598 1243 iambos
632 1192 890 1247 praesertim
921 1206 1018 1234 011111
1049 1192 1216 1246 priores
1247 1204 1396 1233 versus
1426 1203 1452 1232 a
1473 1189 1651 1245 planctu

79 1253 147 1296 vel
177 1253 295 1296 luctu
327 1252 445 1295 haud
477 1254 541 1295 ita
572 1253 660 1294 sint
692 1252 851 1294 diversi
883 1256 928 1294 et
957 1252 1091 1293 iambi
1123 1251 1253 1293 soluti
1284 1266 1350 1293 vv.
1377 1249 1461 1292 164
1494 1253 1538 1291 et
1568 1247 1653 1290 184

79 1314 240 1370 optime
273 1312 464 1355 reddant
495 1326 708 1354 summam
741 1311 986 1367 argumenti
1018 1310 1359 1353 commotionem.
1412 1307 1537 1350 Talia
1558 1308 1652 1364 ipse

79 1372 373 1429 Westphalius
412 1372 599 1415 sensisse
638 1372 808 1415 videtur
847 1386 943 1428 cum
982 1372 1027 1413 in
1060 1371 1202 1427 operis
1233 1369 1402 1412 metrici
1432 1367 1653 1424 prooemio

79 1447 280 1476 numeros
326 1431 424 1475 illos
470 1431 677 1475 iambicos
717 1432 772 1474 ab
804 1431 1005 1487 Aeschyli
1042 1431 1212 1474 ratione
1253 1430 1416 1472 alienos
1450 1443 1544 1471 esse
1577 1426 1653 1470 ne-

81 1497 224 1548 garet:
274 1491 556 1548 Euripideam
595 1491 818 1547 quandam
855 1491 1047 1534 indolem
1078 1495 1181 1533 tunc
1213 1490 1386 1533 demum
1419 1488 1503 1530 sibi
1533 1488 1654 1531 inve-

79 1553 194 1595 nisse
242 1552 360 1594 visus
410 1555 477 1595 est
523 1566 620 1594 cum
668 1555 818 1605 ageret
865 1551 918 1594 dc
956 1550 1108 1594 metris
1147 1548 1446 1606 episynthetis.
1510 1547 1654 1604 Atque

79 1611 220 1668 quivis
259 1611 466 1655 concedet
503 1611 548 1653 in
587 1611 729 1654 altera
766 1611 1005 1653 carminum
1036 1614 1162 1666 parte
1195 1614 1370 1666 poetam
1401 1622 1528 1651 usum
1560 1622 1654 1650 esse

79 1672 228 1715 metris
251 1671 478 1727 ejusmodi:
504 1671 664 1713 etenim
685 1675 918 1726 postquam
940 1670 1124 1713 dimetro
1144 1669 1363 1713 trochaico
1385 1668 1653 1719 catalectico,

80 1746 212 1788 quam
243 1731 429 1775 formam
466 1731 690 1774 metricam
721 1729 857 1773 habet
887 1747 925 1773 v.
952 1731 1051 1781 165,
1085 1729 1311 1786 rhythmus
1343 1728 1556 1771 iambicus
1588 1732 1656 1771 est

79 1796 274 1834 mutatus
295 1791 341 1834 in
362 1791 642 1841 trochaicum,
667 1790 990 1845 subsequuntur
1012 1790 1195 1833 dimeter
1211 1789 1451 1844 dactylicus
1468 1787 1654 1843 brachy-

0 1877 19 1896 ,ιι
80 1851 374 1903 catalecticus,
392 1851 590 1894 trimeter
611 1849 851 1906 dactylicus
876 1850 1144 1893 acatalectus
1168 1849 1406 1892 arctissime
1428 1847 1655 1904 copulatus

80 1926 177 1954 cum
198 1911 441 1967 praemissa
462 1910 653 1966 tripodia
673 1909 895 1952 trochaica
917 1909 1186 1960 catalectica,
1220 1911 1476 1952 tetrameter
1503 1908 1655 1964 dacty-

79 1971 188 2014 licus
221 1971 289 2014 cui
323 1975 440 2013 arcte
475 1970 722 2013 adnectitur
742 1974 1010 2012 monometer
1030 1969 1286 2012 trochaicus.
1336 1967 1486 2024 Neque
1507 1972 1655 2011 tamen

83 2030 294 2073 suaserim
325 2030 435 2073 haec
466 2035 607 2073 metra
640 2028 696 2072 ab
729 2029 940 2085 Aeschylo
975 2029 1289 2085 abjudicanda:
1325 2042 1427 2070 nam
1450 2027 1656 2083 quoniam

17 2134 20 2138 ,
81 2091 312 2134 trecenties
350 2091 395 2132 in
433 2091 519 2133 fine
559 2089 837 2145 stropharum
874 2089 1162 2132 iambicamm
1201 2093 1267 2132 est
1297 2102 1401 2131 usus
1432 2088 1656 2142 logaoedis

81 2150 507 2207 dactylotrochaicis‚
543 2149 598 2192 ab
630 2149 713 2192 hac
743 2148 839 2204 lege
873 2149 1160 2192 usitatissima
1190 2148 1320 2191 facile
1352 2147 1495 2203 potuit
1537 2162 1656 2190 rece-

82 2210 184 2254 dere
217 2211 279 2253 sic
311 2215 359 2253 ut
390 2210 483 2252 loco
505 2209 814 2264 logaoedorum
835 2208 1082 2252 breviorum
1103 2213 1287 2264 poneret
1310 2207 1540 2264 ampliores
1563 2222 1656 2249 ver-

82 2284 156 2312 sus
189 2269 617 2326 dactylotrochaicos.
680 2269 858 2311 Accedit
897 2273 1043 2312 autem
1082 2269 1199 2324 quod
1238 2282 1391 2311 revera
1422 2267 1467 2309 in
1499 2268 1656 2310 carmi-

82 2345 186 2372 num
233 2331 350 2373 exitu
398 2329 573 2385 saepius
620 2328 755 2371 iambi
793 2328 860 2371 vel
898 2329 1095 2372 trochaei
1128 2328 1400 2383 excipiuntur
1432 2327 1656 2383 dactylicis

83 2389 280 2432 versibus
314 2389 611 2445 amplioribus,
674 2388 846 2431 Etenim
877 2389 920 2431 in
954 2388 1141 2444 Choeph.
1175 2387 1353 2430 fabulae
1391 2387 1558 2443 parodo
1590 2392 1657 2430 est

83 2450 286 2492 carminis
318 2450 474 2505 prioris
505 2448 681 2492 iambici
713 2462 864 2491 versus
891 2448 1185 2504 paenultimus
1207 2451 1480 2503 pentameter
1502 2446 1655 2502 dacty-

83 2509 213 2559 licus;
245 2508 326 2551 sub
363 2510 494 2551 finem
532 2523 660 2565 porro
693 2507 814 2550 Eum.
853 2507 1031 2551 fabulae
1064 2508 1266 2551 carminis
1298 2506 1506 2550 trochaici
1539 2506 1656 2562 quod

85 2573 152 2612 est
197 2569 298 2611 inde
348 2583 374 2611 a
405 2585 471 2611 vv.
496 2569 582 2611 520
616 2573 682 2611 est
712 2583 751 2610 v.
775 2569 860 2611 526
893 2572 1165 2624 pentameter
1198 2567 1437 2623 dactylicus
1468 2566 1655 2622 brachy-

85 2628 384 2679 catalecticus3
416 2628 610 2683 ejusdem
648 2627 851 2670 carminis
889 2642 1040 2670 versus
1073 2632 1256 2684 quartus
1289 2631 1353 2669 est
1383 2630 1658 2682 pentameter

85 2687 324 2744 dactylicus
373 2692 504 2743 atque
537 2687 790 2742 gravissime
836 2687 1157 2743 interpungitur
1188 2691 1288 2743 post
1319 2686 1656 2742 subsequentem

85 2747 318 2790 dimetrum
338 2747 640 2801 logaoedicum
668 2746 795 2790 alteri
819 2748 1058 2791 arctissime
1082 2747 1319 2797 adnexum3
1351 2761 1492 2802 neque
1514 2746 1656 2789 minus

85 2812 358 2863 pentameter
404 2807 643 2863 dactylicus
682 2811 748 2851 est
787 2808 978 2863 ejusdem
1016 2807 1270 2861 tragoediae
1302 2806 1506 2849 carminis
1539 2805 1656 2863 quod

87 2881 115 2910 a
146 2882 184 2910 v.
209 2868 294 2910 936
332 2867 484 2921 incipit
522 2881 671 2910 versus
705 2871 900 2924 quartus.
963 2868 1129 2910 Deinde
1162 2866 1197 2909 si
1229 2866 1326 2922 quis
1358 2881 1454 2909 cum
1487 2881 1657 2909 summa

91 2925 368 2982 stropharum
415 2926 749 2983 Euripidearum
794 2927 933 2983 copia,
982 2941 1165 2982 quarum
1196 2941 1397 2970 numeros
1430 2925 1659 2982 exscripsit

86 2985 381 3042 Westphalius
420 3002 491 3042 pp.
516 2987 772 3038 694—702‚
813 2986 1130 3043 comparaverit
1166 2985 1265 3029 illas
1296 2986 1439 3030 Prom.
1478 2985 1655 3029 fabulae
