1858 3320
754 210 1015 254 „7-

219 344 318 386 Jam
364 344 557 386 venimus
603 342 659 385 ad
705 342 870 386 ceteras
915 342 1028 397 regis
1081 341 1296 383 orationes
1342 355 1448 395 quas
1488 340 1669 383 alteram

99 403 316 446 fictionem
345 404 467 458 sequi
498 402 722 445 Richterus
753 401 993 445 contendit:
1027 414 1213 455 namque
1244 403 1372 456 putat
1401 399 1465 442 his
1496 400 1540 441 in
1573 414 1669 442 ora-

101 463 289 506 tionibus
319 463 425 518 fingi
456 462 585 504 duces
614 462 660 503 in
691 475 819 504 scena
849 461 998 504 adesse
1031 463 1082 503 et>
1104 474 1218 502 nunc
1249 459 1422 502 demum
1454 459 1670 514 designari

99 522 156 565 ad
195 522 384 577 singulas
423 524 570 578 portas
602 520 895 564 defendendas
926 524 1057 575 atque
1090 519 1335 575 designatos
1365 519 1512 561 statim
1544 533 1670 561 suum

101 595 315 637 quemque
348 581 405 624 ad
435 582 576 624 locum
607 581 739 624 abire.
802 580 922 623 Haec
952 580 1096 623 omnia
1127 594 1179 622 ex
1210 580 1291 622 viri
1323 578 1439 621 docti
1470 579 1669 634 opinione

98 645 248 697 aperte
296 642 594 695 significantur
637 641 682 683 in
729 641 860 683 tertia
898 641 1012 695 regis
1043 640 1249 692 oratione,
1290 652 1401 694 quae
1432 638 1670 682 secundum

98 700 229 743 fidem
264 700 365 743 libri
396 700 606 743 Medicaei
637 701 696 743 sic
726 699 892 756 incipit:

383 758 561 816 πέμποιμ’
594 759 643 802 ἄν
674 758 752 817 ἤδη
784 759 900 801 τόνδε
931 757 1002 800 σὺν
1035 756 1135 816 τύχῃ
1167 756 1216 800 δέ
1245 772 1302 813 τῳ

382 820 446 860 καὶ
476 819 527 877 δὴ
559 819 746 875 πέπεμπτ)
770 818 818 860 οὐ
848 818 995 875 κόμπον
1026 817 1070 860 ἐν
1094 819 1238 876 χεοοῖν
1269 815 1377 876 ἔχων

384 845 596 949 Μεγαρεὺς
625 877 824 935 Κρέοντος
851 877 1009 935 σπέρμα
1039 879 1108 919 τοῦ
1140 892 1329 935 σπαρτων
1359 875 1506 932 γένους.

96 938 176 980 His
215 952 268 981 ex
304 937 448 981 verbis
488 936 683 993 πέπεμπτ’
711 936 759 979 οὗ
791 939 882 981 sine
915 937 1046 980 dubio
1079 940 1339 993 corruptum,
1373 940 1490 979 recte
1523 951 1668 979 emen-

97 997 247 1040 datum
286 1001 352 1040 est
390 999 435 1039 in
476 995 551 1037 πέ
529 1011 712 1052 -εμπται-
773 997 1002 1040 Richterus
1038 1000 1184 1039 autem
1215 1000 1446 1052 postquam
1478 996 1669 1039 ietinen-

95 1056 200 1099 dum
246 1058 384 1099 suasit
421 1058 712 1099 accusativum
751 1055 866 1097 τόνοε
906 1060 951 1100 et
987 1054 1035 1096 δέ
1072 1056 1328 1112 particulam
1360 1055 1589 1099 delendam
1619 1059 1671 1098 ut

101 1114 198 1156 »σὺν
228 1115 329 1174 τύχῃ
365 1115 457 1157 tevi«
494 1118 858 1173 conjungerentur
888 1131 984 1159 cum
1015 1115 1393 1171 subsequentibus,
1427 1130 1578 1158 versus
1609 1116 1671 1158 sic

94 1176 407 1232 interpretatus
440 1180 508 1219 est
530 1177 653 1232 quasi
675 1191 751 1218 rex
772 1176 1022 1232 Megareum
1044 1175 1180 1230 digito
1202 1179 1463 1218 monstraret
1484 1189 1668 1230 eumque

99 1249 192 1278 sese
223 1235 455 1278 missurum
477 1236 661 1286 diceret;
691 1236 765 1278 ille
786 1240 932 1279 autem
954 1235 1115 1278 eleetus
1138 1236 1286 1277 statim
1313 1235 1367 1278 ad
1387 1238 1558 1291 portam
1579 1238 1668 1277 tra-

98 1295 231 1337 ditam
270 1295 524 1352 procederet
561 1294 667 1352 (vid.
699 1293 765 1336 καὶ
795 1293 844 1353 δὴ
879 1294 1134 1350 :terream-we).
1181 1294 1294 1337 Huic
1320 1295 1670 1350 interpretationi

96 1354 235 1397 multa
271 1354 459 1398 obstant.
523 1355 694 1398 Etenim
741 1356 832 1398 sine
871 1354 1002 1398 dubio
1035 1357 1262 1410 corruptus
1301 1357 1369 1396 est
1399 1355 1668 1397 accusativus

100 1412 228 1466 τόνδε,
262 1429 348 1470 quo
379 1415 621 1458 accusativo
654 1415 808 1457 nititur
838 1418 931 1457 tota
962 1413 1152 1457 Richteri
1175 1413 1416 1470 explicatio.
1471 1413 1668 1469 Namque

98 1473 335 1517 rectissime
367 1475 533 1517 monuit
563 1474 822 1517 Ritschelius
855 1489 939 1516 non
970 1474 1164 1531 potuisse
1201 1473 1450 1529 Megareum
1481 1474 1668 1530 primum

96 1533 328 1588 significari
372 1535 624 1590 pronomine
676 1533 798 1574 »362«
813 1565 822 1581 ‚
871 1534 1028 1577 deinde
1074 1535 1168 1590 ipso
1219 1534 1392 1576 nomine
1444 1533 1668 1590 appellari.

89 1593 228 1636 Porro
264 1592 362 1634 »σὺν
394 1591 495 1651 τύχῃ
529 1593 599 1633 τινὶ
637 1591 822 1649 πεζαποεχί
853 1591 929 1634 du«
965 1593 1082 1650 apud
1111 1593 1234 1635 illum
1254 1594 1538 1649 interpretem
1560 1593 1668 1636 nihil

94 1657 277 1708 possunt
308 1653 450 1696 dicere
482 1654 566 1695 nisi
601 1653 794 1695 «mittam
827 1668 922 1696 cum
955 1657 1113 1696 eventu
1145 1653 1373 1708 quodem«,
1414 1667 1524 1707 quae
1562 1653 1667 1696 mihi

95 1713 268 1766 quidem
299 1713 426 1755 nimis
458 1713 665 1755 audacter
696 1712 813 1755 dicta
834 1713 889 1756 ab
915 1712 1102 1756 Eteoclis
1123 1713 1266 1755 animo
1289 1712 1432 1755 aliena
1451 1712 1666 1757 videntur.

92 1772 265 1815 Etenim
311 1773 466 1816 ceteris
512 1773 557 1815 in
603 1772 870 1815 orationibus
910 1787 986 1815 rex
1017 1773 1157 1815 verbis
1188 1773 1395 1815 modestis
1427 1775 1558 1827 atque
1591 1772 1667 1816 de-

94 1833 236 1875 missis
268 1833 333 1874 uti
365 1832 492 1875 solet:
528 1833 588 1875 sic
619 1836 668 1874 ut
698 1832 784 1875 alia
815 1832 1023 1884 omittam,
1057 1833 1102 1874 in
1135 1836 1282 1875 sextae
1314 1832 1519 1875 orationis
1549 1833 1667 1876 exitu

92 1891 199 1935 haec
230 1891 354 1934 dicit:

379 1950 480 1993 θεοῦ
511 1951 558 1993 δὲ
589 1950 726 2008 δῶρόν
758 1950 859 1992 ἐστιν
890 1950 1070 2009 εὐτυχεῖν
1096 1950 1282 2009 βροτούς.

91 2011 198 2054 Tum
230 2010 305 2054 ina
335 2012 506 2054 fictione
540 2026 592 2054 ex
625 2025 710 2066 qua
741 2011 873 2054 duces
911 2011 1126 2066 designat-i
1148 2011 1295 2054 statim
1317 2010 1372 2054 de
1395 2025 1523 2054 scena
1544 2012 1663 2055 abire

48 2107 50 2109 ,
93 2072 337 2126 cogitantur
381 2085 449 2114 me
491 2070 637 2126 judice
685 2070 790 2112 nihil
837 2070 1068 2118 absurdius
1114 2075 1260 2127 potest
1312 2071 1503 2126 reperiri.
1574 2071 1667 2115 Hoc

93 2134 238 2174 tamen
276 2131 366 2173 viro
406 2130 531 2173 docto
565 2134 631 2173 est
662 2129 983 2173 concedendum
1013 2131 1205 2187 potuisse
1237 2131 1409 2172 omnino
1440 2131 1528 2173 tale
1560 2132 1665 2186 quid

93 2191 344 2246 excogitari:
380 2190 455 2233 sed
489 2189 790 2246 opponendum
824 2205 976 2233 censeo
1009 2190 1125 2232 illius
1146 2190 1331 2233 fictionis
1354 2203 1407 2233 ne
1429 2191 1473 2232 in
1497 2190 1664 2233 duabus

93 2250 267 2304 quidem
314 2249 409 2292 aliis
458 2250 723 2292 orationibus
756 2263 864 2304 quas
894 2264 982 2292 una
1014 2265 1110 2293 cum
1142 2250 1274 2292 tertia
1304 2251 1507 2292 tractavit
1546 2251 1664 2294 inve—

92 2309 175 2352 niri
208 2309 403 2364 vestigia.
467 2309 548 2352 His
580 2306 634 2353 de
667 2309 808 2352 causis
840 2310 895 2352 ab
927 2309 1042 2352 illius
1064 2309 1231 2352 ratione
1253 2309 1542 2352 recedendum
1563 2324 1663 2352 sua-

93 2368 174 2412 deo
206 2373 337 2424 atque
368 2370 500 2412 verba
531 2369 592 2411 sic
622 2369 952 2425 interpretanda
982 2374 1032 2412 ut
1061 2370 1171 2412 bene
1209 2369 1425 2424 quadrent
1448 2370 1502 2412 ad
1525 2370 1663 2412 fictio-

92 2443 191 2471 nem
222 2429 376 2471 ceteris
407 2430 452 2470 in
484 2429 749 2471 orationibus
781 2433 1009 2471 servatam.
1071 2429 1243 2472 Etenim
1273 2429 1460 2485 primum
1481 2429 1662 2472 offensio

91 2487 167 2530 illa
213 2502 240 2531 a
276 2487 509 2532 Bitschelio
548 2492 700 2531 notata
736 2488 845 2531 adeo
876 2488 982 2531 mihi
1014 2492 1183 2531 constat
1214 2492 1263 2531 ut
1293 2488 1384 2531 loco
1431 2489 1662 2532 accusativi

97 2545 263 2587 »τόνδεκ
300 2548 543 2592 omnimodo
575 2548 864 2604 reponendam
896 2562 989 2590 esse
1022 2551 1213 2591 statuam
1245 2547 1438 2603 ejusdem
1460 2549 1539 2591 viri
1561 2563 1662 2591 con-

88 2608 300 2663 jecturam
332 2607 593 2659 facillimmn,
628 2607 722 2650 dico
755 2608 944 2650 dativum
979 2605 1086 2663 τῷδε
1113 2608 1187 2662 qui
1214 2607 1433 2663 pertineat
1454 2607 1509 2650 ad
1532 2607 1662 2651 Eteo-

93 2666 206 2709 clum
243 2667 383 2709 nuntii
422 2667 616 2710 oratione
654 2666 887 2723 depictum.
950 2666 1035 2710 Sed
1075 2668 1187 2722 quod
1219 2667 1331 2710 idem
1363 2666 1577 2723 interpres
1609 2668 1662 2711 de

93 2726 299 2769 orationis
332 2726 504 2769 defectu
537 2726 794 2781 excogitavit
825 2726 929 2769 mihi
962 2727 1134 2782 quidem
1166 2741 1251 2770 non
1282 2726 1505 2783 probabile
1544 2728 1661 2771 vide-

92 2790 177 2828 tur.
241 2786 411 2828 Etenim
444 2800 554 2840 quac
586 2785 658 2829 ille
691 2787 839 2829 deesse
869 2786 1040 2842 putavit
1071 2801 1153 2829 non
1188 2790 1290 2829 sunt
1326 2788 1568 2830 necessaria
1604 2786 1662 2830 ad

93 2845 354 2888 sententiam
386 2845 656 2901 explendam.
718 2845 829 2888 Nam
860 2860 955 2888 cum
984 2846 1180 2889 debuerit
1202 2847 1356 2903 exponi
1377 2846 1560 2889 Martem
1583 2846 1661 2889 ad-

89 2906 288 2961 juturum
327 2919 420 2948 esse
451 2905 673 2948 Thebanos
706 2919 835 2948 causa
880 2920 966 2948 non
1012 2905 1294 2962 conspicitur:
1343 2921 1429 2948 non
1475 2907 1662 2949 finxerat

92 2965 272 3008 nuntius
316 2965 458 3022 ipsum
490 2965 697 3021 Argivum
742 2965 1014 3009 minitantem
1060 2979 1156 3010 sese
1193 2966 1323 3009 etiam
1355 2965 1495 3010 Marte
1526 2966 1660 3010 invito
