1858 3320
749 294 1040 337 -71-

71 445 75 448 -
111 425 382 481 profitentur.
446 425 498 467 In
535 423 674 480 epodo
712 438 804 467 sese
836 424 1011 480 nuptias
1041 437 1204 478 aequas
1236 425 1388 467 timere
1419 429 1582 480 negant
1611 428 1678 468 at-

112 499 196 540 que
244 485 528 541 deprecantar
572 498 627 526 ne
674 484 770 538 quis
803 484 982 526 deorum
1013 483 1058 525 in
1089 498 1134 526 se
1165 487 1308 526 vertat
1339 485 1494 527 oculos.
1557 485 1680 528 Tales

110 543 229 599 leges
260 558 511 600 precesque,
543 557 614 586 res
644 543 788 586 hercle
820 542 1063 594 vilissimae,
1103 542 1339 586 abhorrent
1368 544 1458 587 sine
1491 544 1622 588 dubio
1653 560 1680 587 a

110 617 280 647 summa
309 604 442 646 animi
471 602 701 658 Aeschylei
732 602 982 645 excelsitate
1012 606 1144 658 atque
1178 604 1402 658 gravitate.

227 662 294 705 Ex
338 663 389 706 iis
435 676 546 717 quae
593 663 772 717 exposui
803 662 906 705 satis
936 676 1150 718 superque
1182 667 1364 719 apparet
1394 667 1439 706 et
1468 663 1679 719 paredum

111 726 156 765 et
187 723 371 765 exodum
402 726 446 765 et
476 721 584 764 illud
614 722 733 764 chori
764 722 982 764 canticum
1014 723 1128 776 quod
1160 726 1227 765 est
1256 723 1302 764 in
1332 722 1455 765 Jonis
1487 723 1680 779 episodio

108 781 164 824 ab
194 782 288 837 ipso
309 781 518 838 Aeschylo
550 795 643 824 esse
674 781 891 837 profecta3
922 795 1109 836 namque
1132 785 1176 824 et
1195 783 1365 825 numeri
1385 786 1430 825 et
1450 797 1679 837 argumen-

110 844 204 884 tum
251 845 296 884 et
342 855 477 896 genus
523 841 694 884 dicendi
738 842 895 884 summi
931 840 1058 899 hujus
1088 845 1245 897 poetae
1275 843 1448 897 ingenio
1479 843 1680 885 videntur

108 915 203 944 esse
235 901 497 956 dignissima.
562 899 646 944 Sed
678 904 822 944 cetera
853 900 969 943 chori
1001 901 1172 943 cantica
1203 900 1259 943 ab
1293 916 1343 944 eo
1374 906 1475 944 sunt
1511 902 1678 957 abjudi-

109 961 266 1003 canda:
314 960 394 1003 hoc
432 960 620 1003 clamant
651 964 696 1003 et
726 960 919 1004 brevitas
951 961 1188 1002 carminum
1221 965 1265 1003 et
1295 962 1464 1004 numeri
1494 962 1679 1004 maxime

108 1020 260 1072 sedati,
311 1018 446 1065 πάθος
480 1019 763 1076 Aeschyleum
811 1020 952 1062 minus
991 1019 1233 1071 efferentes,
1283 1024 1327 1064 et
1360 1024 1677 1076 argumentum,

107 1079 222 1134 quod
266 1079 335 1122 vel
383 1083 450 1122 est
495 1080 798 1136 depromptum
845 1094 898 1123 ex
943 1080 1076 1135 ipsius
1122 1084 1279 1135 poetae
1317 1081 1504 1123 carmine
1536 1080 1606 1123 vel
1639 1081 1679 1124 ei

105 1153 281 1194 prorsus
328 1143 543 1195 repugnat
587 1139 656 1182 vel
703 1143 770 1182 est
807 1139 862 1182 de
892 1139 1024 1182 rebus
1057 1139 1283 1191 vilissimis,
1317 1145 1361 1182 et
1392 1141 1532 1183 oratio
1562 1140 1679 1183 haud

105 1200 171 1242 ita
199 1213 302 1241 raro
333 1199 518 1242 formata
552 1200 607 1242 ad
637 1199 771 1245 verba
800 1213 900 1242 vere
931 1198 1184 1255 Aeschylea.
1247 1199 1369 1243 Haec
1406 1200 1550 1243 omnia
1588 1204 1678 1243 tam

105 1257 253 1301 multis
301 1258 589 1314 gravibusque
637 1259 780 1302 causis
827 1258 1066 1302 ostendisse
1112 1258 1217 1301 mihi
1248 1259 1397 1302 videor
1427 1263 1477 1302 ut
1507 1274 1678 1316 sperem

107 1322 239 1373 atque
278 1318 493 1361 confidam
531 1318 747 1362 neminem
779 1319 869 1374 jam
901 1333 996 1361 esse
1028 1332 1235 1361 ausurum
1267 1320 1463 1362 carmina
1492 1319 1677 1362 reddere

105 1378 326 1435 Aeschylo.
391 1378 501 1421 Sunt
529 1382 675 1421 autem
695 1378 801 1421 haec
821 1379 984 1421 inserta
1015 1379 1262 1433 tragoediae
1283 1378 1549 1435 Aeschyleae
1580 1393 1677 1421 cum

101 1438 192 1494 Jam
239 1437 513 1494 displicerent
557 1437 683 1494 hujus
719 1442 877 1493 poetae
915 1438 1108 1481 carmina
1138 1438 1390 1493 gravissima
1421 1442 1554 1494 atque
1585 1452 1677 1481 am-

105 1497 302 1554 plissima
348 1501 393 1541 et
439 1512 491 1541 ex
538 1497 756 1554 Euripidis
787 1498 1056 1554 potissimum
1086 1498 1349 1554 temporibus
1380 1498 1547 1542 cantica
1577 1497 1676 1542 bre-

104 1558 176 1601 via
204 1557 405 1613 leviaque
436 1557 696 1608 adriderent.

783 1806 992 1862 vita.

200 1925 372 1962 Albertus
396 1924 574 1960 Rohlecke
600 1926 706 1960 natus
731 1935 809 1960 sum
834 1935 867 1960 a.
893 1924 927 1962 (1.
954 1924 1015 1960 Vl.
1042 1925 1133 1960 Non.
1158 1924 1234 1960 Mai
1251 1935 1283 1960 a.
1303 1924 1396 1962 1859
1421 1925 1674 1969 Alvenslebiis,

105 1973 208 2020 patre
224 1972 378 2015 Andrea,
404 1973 518 2008 matre
537 1971 707 2009 Carolina
731 1982 751 2008 e
776 1973 884 2017 gente
909 1971 1062 2015 Iseum,
1088 1971 1218 2018 quibus
1242 1973 1497 2019 superstitibus
1521 1974 1675 2011 maxime

106 2020 258 2067 gaudeo.
306 2020 476 2056 Initiatus
514 2030 591 2055 sum
623 2020 694 2056 fide
719 2019 942 2065 evangelica.
992 2019 1126 2065 Primis
1150 2020 1339 2056 literarum
1365 2021 1553 2058 elementis
1579 2022 1678 2058 domi·

106 2068 265 2105 imbutus
290 2079 312 2104 a
336 2079 415 2103 vere
440 2078 471 2104 a.
501 2067 591 2103 1871
618 2068 780 2103 versatus
807 2078 884 2103 sum
908 2066 1175 2114 Parthenopoli‚
1214 2078 1284 2114 qua
1320 2068 1358 2104 in
1394 2069 1483 2105 urbe
1519 2069 1675 2116 primum

104 2116 287 2163 paulisper
323 2115 373 2151 fui
406 2114 601 2160 discipulus
637 2114 816 2161 gymnasii
854 2113 1084 2170 catbedralis,
1149 2117 1251 2171 ostea
1287 2115 1514 2162 frequentavi
1539 2118 1672 2164 paeda-

106 2162 554 2251 ffiumrssssss‘i‘inlssssffii
570 2161 1510 2257 Ntssss‘assssissffieussffimiiakessss‚mFZiiflizeiff
1529 2165 1676 2256 &2335

107 2259 229 2295 Knaut
253 2258 298 2300 io,
323 2257 618 2304 praeceptoribus
643 2257 898 2301 dilectissimis,
926 2258 965 2293 et
986 2268 1009 2294 a
1024 2256 1230 2294 Bormauno
1248 2258 1441 2302 directore,
1469 2260 1676 2307 nuperrime

106 2310 216 2343 morte
235 2306 468 2351 praematura
485 2305 523 2339 et
538 2304 656 2340 literis
673 2306 712 2340 et
728 2304 870 2340 scholae
887 2306 1023 2354 erepto,
1042 2305 1214 2341 incitatus
1231 2317 1309 2341 sum
1323 2306 1370 2342 ad
1384 2306 1542 2343 studium
1556 2307 1674 2354 philo-

103 2353 233 2398 logiae.
281 2351 508 2388 Maturitatis
533 2351 780 2388 testimonium
805 2352 958 2398 adeptus
982 2362 1068 2389 vere
1093 2363 1126 2391 a.
1159 2352 1252 2389 1878
1283 2353 1438 2399 migravi
1471 2354 1674 2401 Tubingas:

103 2401 172 2437 hac
209 2401 247 2436 in
284 2399 523 2436 universitate
560 2409 625 2446 per
662 2399 718 2437 bis
753 2409 814 2436 sex
850 2410 988 2436 menses
1011 2400 1135 2437 audivi
1160 2400 1303 2436 scholas
1327 2402 1484 2438 virorum
1510 2402 1674 2438 doctissi-

103 2458 243 2484 morum
268 2447 427 2492 Kugleri‚
453 2446 673 2491 Pfleidereri,
714 2446 902 2489 Schwabii,
938 2447 1138 2490 Strauchii;
1176 2447 1326 2484 interfui
1351 2449 1674 2486 exercitationibus

105 2494 294 2537 Schwabii,
330 2493 520 2536 Straucffii,
547 2493 651 2540 hujus
676 2493 882 2537 theodiscis,
908 2493 1008 2530 illius
1032 2493 1168 2531 latinis,
1217 2495 1358 2531 Deinde
1382 2495 1588 2532 Berolinum
1617 2508 1675 2534 me

105 2542 240 2579 contuli
258 2544 367 2587 atque
385 2541 507 2578 audivi
550 2552 588 2577 er
605 2541 719 2577 sexies
737 2552 798 2578 sex
815 2551 954 2578 menses
971 2541 1110 2578 scholas
1127 2542 1285 2578 virorum
1302 2543 1674 2589 praeclarissimorum

104 2589 229 2631 Curtii,
256 2589 427 2632 Hubneri‚
455 2589 498 2627 A.
560 2588 747 2631 'rchhoffii,
773 2588 1022 2632 Mullenhoffii‚
1049 2589 1210 2632 neberti,
1237 2589 1414 2633 Schereri,
1441 2591 1673 2636 Treitschkii,

104 2636 269 2680 Vahleni,
310 2636 453 2672 Zelleri.
504 2636 697 2672 seminarii
733 2636 946 2683 philologici
983 2636 1035 2672 fui
1061 2636 1194 2672 sodalis
1219 2637 1421 2673 ordinarius
1444 2649 1510 2685 per
1533 2640 1590 2675 ter
1614 2651 1674 2676 sex

105 2695 256 2721 menses.
305 2684 504 2720 Praeterea
527 2683 796 2720 Milllenhoffius
833 2686 871 2720 et
897 2683 1086 2720 Schererus
1122 2683 1262 2720 aditum
1299 2685 1389 2720 mihi
1414 2685 1569 2732 benigne
1592 2697 1672 2733 per·
1732 2722 1734 2727 ,

103 2732 297 2768 misserunt
322 2732 369 2768 ad
401 2731 677 2767 exercitationes
708 2731 922 2774 theodiscas‚
950 2730 1194 2767 Kirchhoffius
1222 2732 1269 2767 ad
1294 2732 1351 2778 epi
1399 2732 1558 2780 aphicas.
1607 2734 1674 2770 His
1734 2759 1735 2764 ,

106 2779 271 2816 omnibus
308 2779 407 2821 viris,
446 2779 581 2825 optime
620 2778 664 2814 de
702 2789 759 2815 me
796 2779 947 2821 meritis,
985 2778 1162 2825 imprimis
1187 2778 1347 2815 Kirchho
1365 2780 1410 2815 fio
1435 2782 1475 2816 et
1498 2779 1672 2825 Vahleuo,
1734 2781 1737 2802 ·’

107 2826 295 2863 seminarii
333 2826 572 2863 directoribus
601 2826 762 2872 mihique
797 2827 1094 2873 praeceptoribus
1131 2825 1386 2871 dilectissimis,
1423 2828 1563 2874 gratias
1604 2840 1672 2875 ago

106 2874 380 2911 candidissimas
406 2883 615 2920 semperque
640 2873 792 2911 habebo.
