1858 3320
692 235 982 277 ..15..

55 366 122 410 vir
165 366 316 409 doctus
368 366 494 408 nimis
542 369 705 408 temere
747 364 972 421 judicavit.
1054 363 1205 419 Neque
1253 362 1367 406 enim
1413 364 1539 406 modo
1575 363 1621 405 in

0 416 35 473 ³¹2¹
54 425 222 469 duobus
252 425 338 468 illis
369 425 590 468 versiculis
619 424 700 467 hoc
729 427 883 480 poetae
914 423 1141 466 consilium
1170 422 1402 475 invenitur,
1436 422 1513 465 sed
1543 436 1623 478 per

0 476 32 532 ³³3
52 486 194 528 totam
241 486 292 528 de
341 484 488 537 Tydeo
534 484 828 527 narrationem
874 487 964 526 tam
1008 486 1268 539 perpetuum
1325 486 1522 525 servatur
1573 485 1624 524 ut

15 585 20 592 ‚
54 544 251 587 versibus
282 543 368 586 illis
406 544 707 600 interpolatori
744 544 942 599 ascriptis
980 546 1075 586 tota
1111 541 1302 585 narratio
1341 542 1491 584 eodem
1524 542 1622 597 jure

54 603 111 647 ab
140 603 357 659 Aeschylo
386 604 444 646 sit
475 603 772 660 abjudicanda.
850 602 1046 658 Namque
1076 601 1158 645 hac
1194 602 1468 658 potissimum
1497 602 1544 643 in
1574 615 1621 643 re

53 664 278 719 praeconis
307 663 384 706 ⁴de
427 662 519 706 viro
565 663 724 718 Argivo
777 663 969 705 narratio
1016 666 1081 705 est
1125 661 1270 718 posita
1314 664 1364 703 ut
1411 675 1528 712 eum,
1576 661 1622 702 in

0 724 26 761 '.
52 722 267 779 proelium
302 723 475 779 prodire
506 723 708 774 vetitum,
756 725 935 778 propter
965 735 1175 764 summam
1205 720 1427 777 pugnandi
1457 721 1622 776 cupidi-

19 809 25 819 J
53 795 155 824 nem
183 782 257 824 vix
287 782 465 824 retineri
495 796 619 838 posse
665 782 838 824 diceret.
917 781 1026 832 Quid
1058 782 1173 836 quod
1210 782 1303 823 sine
1333 779 1414 823 hac
1449 780 1621 823 fictione

54 854 110 884 ne
142 855 194 884 ea
225 841 400 896 quidem
432 845 548 884 stare
579 845 761 897 possunt
799 855 910 896 quae
958 843 1190 883 narrantur
1221 840 1275 883 de
1305 839 1438 895 Tydei
1475 840 1620 882 armis,

19 930 21 934 ι
54 899 227 943 Etenim
258 914 368 955 quae
399 901 445 943 in
474 916 540 943 vv.
573 901 810 943 367—369
843 900 897 943 de
929 901 1070 943 cristis
1107 903 1152 942 et
1172 899 1472 943 tintinnabulis
1502 903 1622 942 scuto

55 958 196 1002 affixis
257 960 461 1002 dicuntur
522 960 739 1002 vocabulis
795 959 972 1000 »τοιαῦτ’
1018 958 1179 1000 αὐτ-ῶνα
1236 959 1476 1002 arctissime
1522 964 1623 1001 sunt

2 1063 5 1068 ,
55 1032 226 1062 annexa
255 1019 495 1062 narrationi
525 1018 813 1071 antecedenti,
846 1032 957 1074 quae
979 1022 1047 1062 est
1068 1019 1120 1062 de
1143 1018 1403 1074 Amphiarao
1425 1018 1623 1073 Tydeum

56 1091 84 1121 a
111 1078 347 1135 pugnando
376 1078 655 1135 prohibente3
688 1093 798 1134 quae
831 1078 986 1122 deinde
1016 1079 1062 1121 in
1082 1094 1148 1121 vv.
1171 1080 1406 1122 370—372
1437 1079 1490 1121 de
1511 1079 1622 1121 scuti

55 1138 179 1193 signo
225 1142 467 1194 sequuntur
512 1152 774 1194 quamquam
809 1153 888 1194 per
923 1153 968 1182 se
999 1141 1183 1195 possunt
1219 1138 1405 1192 intelligi
1450 1138 1621 1181 fictione

0 1195 15 1235 Β
56 1197 135 1241 illa
155 1198 338 1250 sublata,
361 1202 508 1241 tamen
529 1199 904 1253 subsequentibus,
939 1212 1049 1253 quae
1078 1202 1123 1241 et
1149 1198 1243 1254 ipsa
1263 1197 1428 1252 absque
1449 1197 1621 1241 fictione

0 1255 15 1283 ἶ
53 1271 141 1300 11011
161 1262 345 1314 possunt
364 1259 538 1314 percipi,
570 1258 631 1301 sic
652 1258 923 1314 excipiuntur
942 1261 993 1300 ut
1011 1258 1258 1314 praemissis
1278 1257 1420 1301 verbis
1446 1258 1623 1298 »τοιαῦτ’

0 1323 14 1354 ἲ
54 1314 214 1358 ἁλύωωι
275 1319 390 1361 inter
439 1332 486 1361 se
532 1321 650 1360 arcto
700 1318 1012 1360 sententiarum
1062 1317 1232 1361 vinculo
1293 1318 1620 1373 conjungantur.

0 1364 11 1404 ἵ
53 1376 222 1420 Videtis
266 1380 404 1420 totam
449 1378 502 1420 de
548 1376 690 1433 Tydeo
736 1377 1029 1420 narrationem
1080 1376 1346 1433 pessumdari
1391 1390 1479 1420 11113
1525 1391 1622 1420 611111

0 1423 9 1463 ²
54 1435 228 1479 fictione
274 1437 352 1479 illa
388 1435 443 1479 ab
482 1436 694 1491 Aeschylo
741 1437 996 1493 abjudicata.
1079 1435 1214 1479 Porro
1254 1437 1478 1491 quaen'tur
1517 1451 1622 1479 num

0 1494 7 1524 f
53 1496 279 1539 consilium
308 1496 417 1539 illud
447 1511 599 1539 revera
619 1497 676 1539 sit
706 1496 916 1538 insulsum
939 1523 992 1528 -
1017 1495 1134 1550 quod
1164 1495 1392 1539 Richterus
1420 1497 1621 1552 opinatus

0 1554 6 1594 ἔ
53 1559 119 1598 est
150 1583 203 1588 —
237 1559 369 1611 atque
399 1559 553 1612 poetae
586 1559 679 1599 arte
709 1556 968 1611 ingenioque
1006 1556 1242 1610 indignum.
1309 1555 1415 1599 Mihi
1447 1557 1620 1610 quidem

51 1618 103 1658 ut
131 1615 177 1658 in
208 1616 348 1671 prima
377 1616 569 1659 oratione
601 1616 822 1672 aptissime
844 1615 1079 1670 Aeschylus
1108 1629 1365 1672 praeconem
1395 1616 1484 1658 tale
1517 1617 1621 1670 quid

0 1678 3 1708 Ι
52 1675 266 1718 dicentem
295 1674 397 1718 fecit
441 1690 525 1730 quo
558 1679 835 1719 excusaretur
865 1689 1035 1718 summa
1071 1676 1314 1718 orationum
1352 1676 1619 1731 subsequen-

0 1749 2 1778 }
51 1735 162 1777 tium
192 1749 325 1777 mora.
388 1734 584 1790 Namque
616 1736 662 1777 ni
691 1735 838 1787 fallor,
873 1736 975 1779 dum
1006 1739 1174 1791 septem
1204 1735 1461 1790 Argivorum
1493 1736 1620 1778 duces

52 1794 108 1837 ad
138 1793 305 1837 Thebas
336 1795 488 1838 urbem
526 1795 754 1847 accedunt,
802 1794 872 1837 hic
902 1809 1049 1838 rerum
1080 1798 1221 1838 status
1254 1798 1322 1838 est
1352 1796 1617 1851 cogitandus.

51 1853 338 1910 Amphiaraus
382 1858 503 1897 vates
550 1868 812 1909 quamquam
866 1854 1131 1898 dissuaserat
1176 1869 1229 1897 ex
1274 1855 1396 1898 initio
1442 1854 1617 1907 bellum,

51 1916 219 1966 tamen,
257 1917 309 1956 ut
339 1914 493 1957 docent
523 1930 589 1957 vv.
622 1915 678 1957 42
712 1928 820 1969 sqq.‚
858 1928 946 1956 una
976 1928 1074 1958 cum
1105 1915 1260 1958 ceteris
1292 1915 1470 1958 ducibus
1499 1916 1618 1971 jura-

51 1977 176 2016 verat
219 1987 309 2016 sese
355 1977 431 2016 aut
477 1973 665 2016 hostium
710 1974 862 2017 urbem
900 1987 990 2017 esse
1037 1978 1264 2030 capturum
1302 1979 1378 2018 aut
1409 1975 1618 2030 sanguine

49 2031 229 2075 humum
266 2046 576 2089 respersurum.
656 2032 815 2077 Postea
843 2033 1010 2089 Argivi,
1059 2038 1109 2076 ut
1145 2034 1427 2089 intelligimus
1460 2049 1511 2078 ex
1550 2050 1616 2078 vv.

51 2093 241 2144 55—56‚
290 2093 480 2148 singulas
511 2097 659 2149 portas
691 2097 793 2136 sunt
824 2094 983 2136 sortiti:
1022 2093 1100 2150 sed
1130 2094 1380 2149 priusquam
1412 2095 1465 2138 ad
1496 2108 1618 2137 suam

51 2153 232 2207 quisque
268 2156 438 2209 portam
474 2153 832 2209 proficisceretur,
885 2156 1007 2197 vates
1040 2154 1253 2196 exercitus
1299 2155 1470 2197 nomine
1516 2153 1619 2197 fecit

51 2225 185 2264 sacra,
218 2226 330 2267 quae
362 2226 447 2255 non
479 2213 667 2255 secunda
697 2213 890 2256 evenisse
923 2213 1124 2256 dicuntur
1154 2229 1192 2257 v.
1226 2214 1326 2256 362.
1379 2213 1435 2256 Et
1466 2228 1617 2268 quam-

50 2284 182 2326 quam
213 2270 437 2327 Polynices
475 2273 656 2327 augurio
694 2275 939 2329 contempto
977 2274 1107 2316 duces
1139 2274 1193 2316 ad
1231 2277 1378 2329 portas
1414 2274 1618 2329 progredi

45 2332 183 2388 jussit,
216 2334 361 2375 tamen
393 2345 420 2374 a
449 2336 547 2375 vate
580 2332 702 2387 quasi
734 2335 924 2375 extremo
956 2334 1159 2388 temporis
1181 2337 1397 2375 momento
1430 2334 1484 2376 ab
1510 2334 1616 2376 urbe

50 2392 339 2447 oppugnanda
369 2392 599 2434 retinetur:
634 2392 852 2447 aptissime
875 2395 1021 2435 autem
1051 2396 1181 2448 poeta
1201 2393 1281 2435 tali
1311 2393 1491 2435 artificio
1514 2408 1617 2436 usus

50 2454 118 2493 est
138 2454 188 2493 ut
209 2451 372 2494 diceret
391 2450 593 2507 Tydeum,
627 2449 822 2506 eum'qui
843 2452 980 2508 primo
1002 2451 1046 2494 in
1068 2452 1159 2494 loco
1181 2452 1370 2508 ponitur,
1398 2453 1617 2495 Ismenum

48 2509 205 2552 flumen
238 2511 422 2553 transire
454 2511 693 2567 prohiberi3
731 2511 884 2554 deinde
923 2515 1109 2566 quatuor
1140 2511 1397 2566 Argivorum
1429 2513 1616 2568 descrip—

49 2569 238 2612 tionibus
275 2571 543 2626 interpositis
574 2584 830 2626 praeconem
867 2571 1180 2614 describentem
1218 2570 1381 2614 faceret
1411 2571 1616 2628 Amphia-

49 2643 172 2672 raum
209 2633 340 2684 atque
378 2630 424 2671 in
460 2645 527 2672 vv.
562 2631 647 2673 562
686 2644 781 2685 sqq.
821 2634 1070 2674 narrantem
1118 2631 1330 2686 quomodo
1368 2630 1617 2687 Polynicem

49 2702 75 2731 a
105 2688 273 2745 patriae
305 2689 621 2744 aggrediendae
654 2689 832 2732 consilio
863 2703 1009 2733 arcere
1032 2691 1240 2733 studeret.
1301 2691 1467 2734 Videtis
1497 2692 1615 2734 illam

48 2748 265 2791 fictionem
298 2763 350 2791 ex
383 2762 470 2803 qua
500 2752 620 2792 vates
653 2749 833 2804 Argivos
865 2751 920 2793 ab
951 2751 1057 2793 urbe
1099 2751 1390 2806 oppugnanda
1427 2752 1615 2794 retinere

47 2808 263 2862 cogitatur
294 2809 417 2863 quasi
450 2809 675 2864 complecti
706 2823 852 2851 omnes
873 2810 1013 2852 nuntii
1046 2810 1276 2862 orationes,
1311 2811 1372 2853 sic
1403 2814 1452 2852 ut
1483 2811 1614 2853 etiam

47 2867 92 2909 in
124 2868 278 2910 ceteris
309 2871 607 2924 exspectemus
640 2869 732 2924 ejus
764 2869 827 2911 rei
860 2870 1053 2924 vestigia.
1118 2870 1185 2912 Ita
1217 2871 1272 2912 de
1299 2869 1475 2912 Eteoclo
1505 2885 1613 2913 111111-

48 2927 134 2970 tius
166 2927 209 2969 in
242 2927 374 2971 tertia
404 2928 597 2970 oratione
628 2927 694 2970 his
725 2929 918 2972 versibus
951 2930 1105 2972 utitur:
