1858 3320
821 212 1111 253 -40-

182 347 342 399 scripta
358 358 448 386 esse
466 342 675 385 videatur.
716 341 800 383 Sed
818 344 867 383 ut
883 341 1017 395 ipsius
1034 341 1243 383 Kolischii
1260 355 1430 383 causam
1445 343 1751 395 examinemus,
1785 337 1797 390 Ῐὲ

184 404 339 459 virgini
371 417 456 446 non
489 417 540 445 ex
573 402 697 444 initio
736 404 800 443 cst
836 414 1090 455 persuasum
1128 404 1270 443 vatem
1311 415 1401 443 esse
1432 400 1750 454 Prometheum,

183 463 259 506 sed
292 462 465 505 ducitur
502 462 615 504 hanc
646 461 690 502 in
723 460 967 515 opinionem
1000 474 1095 502 cum
1129 463 1173 502 et
1210 459 1348 515 patris
1381 464 1426 502 et
1456 474 1582 504 suum
1617 461 1753 516 ipsius
1781 467 1801 497 ’τὶ

187 536 344 565 nomen
376 536 516 576 neque
550 521 691 562 minus
729 520 924 562 laborum
959 533 1152 562 errorum
1190 533 1342 562 causas
1374 520 1590 563 audiverit
1620 534 1672 563 ex
1704 535 1754 564 eo
1786 569 1795 580 q

183 596 311 637 quem
352 581 407 623 ad
446 581 490 622 id
533 585 701 634 tempus
747 592 984 633 numquam
1031 578 1166 621 oculis
1214 579 1406 622 vidisset.
1484 579 1637 636 Itaque
1675 593 1754 623 suo
1782 582 1805 627 '³33

180 643 278 697 jure
321 644 467 695 sperat
504 654 597 682 sese
629 640 684 681 ab
717 638 867 680 codem
901 642 1216 693 comperturam
1251 653 1346 682 esse
1386 639 1515 681 etiam
1563 653 1755 683 errorum
1782 631 1811 695 ’ἐξ
1857 647 1858 650 ’

182 701 313 742 finem
360 703 492 754 atque
543 699 679 741 morbi
726 697 978 740 remedium.
1050 697 1216 740 Deinde
1263 702 1495 753 postquam
1541 698 1616 742 ille
1660 699 1754 755 ejus

184 773 351 802 errores
403 758 619 814 praedixit
673 771 810 812 usque
868 757 971 799 dum
1026 772 1077 800 ex
1130 757 1304 812 Europa
1354 759 1398 800 in
1444 757 1590 802 Asiam
1643 762 1756 801 esset

183 822 462 874 perventura,
523 831 574 860 ea
635 820 753 859 metu
805 817 1093 871 periculorum
1147 817 1228 859 sibi
1278 817 1593 860 imminentium
1645 817 1755 861 adeo

184 881 476 921 commovetur
522 880 571 919 ut
615 877 724 919 mori
776 877 899 918 malit
945 891 1075 931 quam
1122 877 1256 918 tantis
1310 877 1458 920 vexari
1512 876 1755 928 doloribus3
1798 879 1816 920 ·]»ἓ

188 938 360 993 subjicit
391 939 535 978 autem
559 934 842 978 Prometheus
872 950 966 978 sese
999 937 1201 991 quoniam
1229 937 1285 979 sit
1315 937 1585 988 immortalis,
1620 941 1757 980 morte

184 1012 211 1039 a
242 997 460 1039 doloribus
497 1010 583 1038 non
622 1010 761 1050 posse,
789 995 985 1046 liberari3
1032 996 1163 1038 immo
1202 1010 1246 1038 se
1286 997 1340 1038 iri
1379 999 1582 1039 vexatum
1621 995 1758 1050 donec
1801 1010 1818 1028 Υ

183 1057 355 1111 Jupiter
385 1056 478 1110 ipse
517 1069 698 1109 regnum
737 1056 921 1098 amittat.
1000 1055 1170 1098 Deinde
1202 1059 1298 1110 post
1343 1070 1503 1112 paucas
1550 1056 1656 1098 alias
1690 1057 1756 1098 in-

186 1116 499 1170 terrogationes
538 1118 582 1156 et
612 1129 820 1169 responsa
857 1115 1077 1169 quaesitat
1118 1116 1238 1170 virgo
1277 1116 1476 1171 quisnam
1508 1129 1606 1158 eum
1637 1116 1756 1171 prin-
1804 1107 1824 1175 ζ

185 1177 328 1230 cipatu
359 1175 415 1216 sit
446 1174 712 1230 privaturus:
749 1188 877 1229 quam
911 1174 966 1216 ad
999 1174 1379 1230 interrogationem
1412 1175 1487 1218 ille
1524 1175 1759 1230 respondet
1807 1181 1826 1228 ς

186 1250 282 1276 611111
330 1235 471 1289 ipsum
504 1234 586 1276 sibi
632 1237 886 1288 paraturum
927 1247 1020 1276 esse
1059 1235 1302 1285 interitum,
1351 1238 1484 1290 atque
1532 1236 1758 1290 quaerenti
1800 1246 1831 1288 g

186 1294 360 1348 exponit
392 1309 488 1336 eum
513 1307 606 1335 esse
628 1294 836 1336 initurum
865 1294 1038 1348 nuptias
1061 1293 1142 1336 sibi
1173 1294 1459 1348 perniciosas3
1490 1307 1619 1349 porro
1655 1294 1756 1337 Joni
1808 1293 1832 1332 '3⁴

187 1358 333 1396 utrum
394 1353 681 1395 immortalem
735 1353 945 1408 virginem
998 1354 1054 1395 sit
1105 1353 1370 1396 deducturus
1422 1367 1478 1396 an
1528 1353 1758 1397 mortalem
1832 1399 1833 1402 ,

188 1413 432 1468 exploranti
473 1412 621 1467 objicit
659 1411 780 1455 nefas
815 1427 906 1455 esse
939 1414 1107 1468 aperire
1155 1413 1374 1468 quodnam
1423 1412 1637 1468 significet
1665 1427 1757 1456 ma-

186 1472 456 1515 trimonium:
490 1472 570 1515 hoc
601 1476 747 1515 tamen
769 1472 893 1514 addit
923 1487 1009 1515 non
1040 1473 1175 1528 ipsam
1207 1487 1385 1515 uxorem
1408 1473 1485 1515 sed
1507 1473 1599 1528 ejus
1620 1470 1758 1516 filium

186 1536 355 1588 patrem
388 1546 521 1587 regno
555 1546 643 1574 esse
675 1532 959 1588 privaturum.
1023 1532 1148 1574 Nunc
1179 1532 1353 1574 demum
1385 1535 1687 1587 compererunt
1714 1535 1759 1575 et
1822 1523 1835 1539 ”

186 1591 421 1635 Oceanides
462 1595 505 1634 et
545 1591 766 1634 auditores
812 1592 966 1635 secreti
1012 1592 1131 1634 illius
1178 1606 1392 1635 summum
1440 1595 1757 1647 argumentum.
1819 1591 1841 1621 ’ἵ

187 1651 273 1694 Sed
293 1651 437 1706 pergit
458 1651 579 1706 virgo
610 1652 877 1705 interrogare
908 1652 1098 1706 possitne
1120 1652 1257 1693 averti
1288 1651 1540 1707 periculum,
1573 1654 1622 1694 et
1650 1665 1758 1694 non·
1820 1693 1840 1702 ,A

186 1711 308 1753 nulla
339 1711 624 1766 subjiciuntur
657 1712 812 1767 quibus
845 1712 951 1754 certi
981 1711 1133 1754 fiamus
1165 1711 1219 1753 de
1252 1710 1499 1754 Promethei
1531 1711 1757 1754 solutione.
1819 1732 1843 1766 {t

188 1770 385 1825 Namque
432 1774 664 1826 postquam
694 1771 764 1813 hic
800 1770 1022 1827 respondit
1068 1771 1306 1827 periculum
1339 1771 1510 1813 irritum
1546 1771 1641 1813 fieri
1672 1784 1759 1813 non

187 1845 308 1885 posse
338 1831 420 1872 nisi
450 1831 541 1885 ipse
582 1830 762 1873 vinculis
795 1834 907 1873 esset
937 1831 1126 1881 solutus,
1162 1831 1379 1885 quaesitat
1410 1831 1531 1886 virgo
1559 1830 1759 1886 quisnam

189 1904 287 1932 eum
325 1890 383 1932 sit
414 1889 696 1940 liberaturus3
743 1890 1005 1932 vaticinatur
1051 1894 1197 1932 autem
1236 1888 1521 1933 Prometheus
1568 1904 1622 1933 ex
1668 1890 1760 1946 ejus

187 1949 321 2004 stirpe
353 1949 570 2004 quondam
598 1964 692 1992 esse
725 1950 939 1992 oriturum
971 1964 1095 1992 suum
1127 1949 1410 1992 liberatorem
1438 1963 1625 2005 eumque
1654 1949 1758 1992 satis

189 2010 367 2051 obscure
398 2009 610 2064 significat
639 2009 720 2052 hoc
750 2023 896 2052 versu:

475 2067 604 2125 τρίτος
631 2084 675 2123 γε
707 2068 847 2123 γένναν
879 2068 988 2125 πρὸσ
1016 2067 1096 2110 δέκ’
1129 2067 1302 2109 ἄλλαισιν
1333 2070 1476 2122 γοναῖς.

189 2127 356 2170 Deinde
395 2129 552 2182 virgini
584 2129 803 2171 oraculum
849 2128 1151 2183 inexplicabile
1184 2142 1275 2171 esse
1315 2126 1534 2183 objicienti
1565 2127 1761 2170 concedit

192 2188 408 2243 optionem
457 2188 645 2242 eligendi
691 2191 837 2230 utrum
885 2188 1035 2230 audire
1074 2188 1197 2229 malit
1243 2187 1439 2230 dolorum
1478 2201 1759 2242 errorumque

190 2247 460 2302 propriorum
514 2247 643 2290 finem
689 2261 744 2289 an
787 2262 914 2289 suum.
956 2247 1092 2302 ipsius
1135 2247 1429 2290 liberatorem:
1477 2245 1588 2289 illud
1643 2246 1760 2289 chori

193 2306 279 2347 dux
326 2307 436 2361 petit
466 2306 589 2350 Jonis
637 2307 829 2357 nomine,
877 2307 957 2350 hoc
995 2307 1076 2349 sibi
1113 2306 1217 2362 ipsa.
1294 2305 1576 2348 Prometheus
1612 2308 1758 2349 autem

193 2365 454 2408 vaticinatur
484 2366 663 2421 virginis
697 2381 863 2410 errores
895 2381 1032 2422 usque
1065 2366 1169 2408 dum
1196 2366 1242 2407 in
1262 2366 1462 2422 Aegypto
1493 2368 1673 2421 partura
1703 2366 1761 2408 sit

193 2424 420 2480 Epaphum
452 2439 478 2467 a
508 2425 614 2469 Jove
661 2427 755 2482 ipso
802 2430 1075 2481 conceptum3
1123 2425 1278 2468 deinde
1315 2429 1366 2467 ut
1395 2425 1592 2479 perficiat
1628 2425 1760 2467 etiam

195 2484 380 2526 alterum
410 2486 680 2540 promissum,
729 2490 882 2528 narrat
913 2485 1162 2528 Danaidum
1207 2486 1251 2526 in
1297 2484 1323 2526 J
1326 2485 1419 2527 onis
1465 2485 1655 2540 patriam
1690 2498 1759 2527 re-

192 2557 416 2586 versarum
447 2549 603 2587 sortes:
637 2559 770 2588 unam
803 2560 855 2588 ex
875 2546 928 2587 iis
961 2545 1100 2588 solam
1119 2544 1375 2599 Argivorum
1397 2544 1575 2599 stirpem
1594 2543 1762 2598 regiam

196 2617 290 2645 esse
321 2608 680 2659 propagaturam,
715 2605 797 2647 hac
829 2619 881 2647 ex
913 2606 1046 2660 stirpe
1079 2632 1133 2637 —
1166 2618 1355 2658 namque
1388 2603 1560 2658 singula
1579 2617 1761 2656 narrare

195 2677 288 2705 esse
326 2663 502 2717 longum
535 2691 588 2696 ——-
625 2663 799 2719 quando
839 2679 964 2706 suum
1000 2665 1277 2707 liberatorem
1316 2664 1525 2706 oriturum
1557 2676 1652 2705 esse
1684 2662 1758 2714 ait,

195 2722 333 2763 virum
387 2724 557 2777 sagittis
611 2724 811 2766 nobilem.
907 2724 1001 2766 Hoc
1046 2724 1250 2766 vaticinio
1296 2723 1414 2765 haud
1464 2723 1528 2764 ita
1578 2721 1760 2764 obscure

198 2781 445 2823 auditorum
478 2783 609 2824 animi
642 2783 927 2825 attenduntur
959 2783 1015 2825 ad
1047 2783 1246 2826 Herculis
1278 2782 1445 2825 facinus
1477 2781 1759 2825 notissimum.

198 2839 399 2882 Ceterum
429 2840 513 2883 hac
543 2843 814 2897 potissimum
836 2857 888 2884 ex
919 2857 967 2885 re
1002 2843 1117 2898 quod
1148 2846 1303 2885 narrat
1333 2842 1405 2884 ille
1439 2841 1760 2883 accuratissime

198 2898 252 2941 de
283 2899 515 2942 liberatore
555 2901 700 2944 futuro
747 2903 888 2957 ipsum
919 2903 1139 2957 cognitum
1176 2902 1336 2944 habere
1375 2901 1516 2944 elucet
1544 2900 1684 2943 minas
1714 2900 1761 2941 in

199 2957 350 3001 Jovem
399 2958 561 3002 effusas
607 2975 744 3004 vanas
783 2975 877 3003 esse
924 2961 1111 3004 futuras:
1160 2961 1248 3004 tale
1279 2975 1366 3003 non
1403 2961 1473 3003 hic
1503 2959 1631 3002 modo
1661 2959 1762 3002 Joni
