1858 3320
910 221 1201 261 -20—

276 354 424 405 aperte
456 350 721 404 significatur
750 352 798 390 ut
830 349 1029 402 equidem
1061 362 1145 389 non
1178 349 1302 390 modo
1334 362 1418 390 non
1450 363 1605 392 nomen
1625 349 1703 392 sed
1723 349 1838 392 illius

275 409 367 451 loco
395 423 448 452 ne
470 423 705 465 pronomen
727 407 901 462 quidem
923 407 1178 449 desiderem·
1211 408 1341 450 immo
1363 409 1478 462 quod
1499 409 1648 451 deerat
1668 423 1835 460 nomenv

274 468 475 510 librarius
515 468 692 523 quidam
728 470 777 509 ut
813 467 1174 534 interpretaretur
1204 466 1411 509 vocabula
1442 465 1578 508 ἐλθών
1607 471 1652 511 et
1676 469 1843 540 μακρᾶς·

223 557 229 562 -
275 526 491 577 κελεύθου,
537 527 624 569 tale
657 527 760 581 quid
798 526 1038 581 ascripsisse
1091 526 1261 568 videtur
1311 524 1655 582 »Παρθενοπαιος
1702 524 1843 583 ’4ρκὰς

274 584 367 643 ἦν«,
416 600 526 641 (11136
573 587 704 629 verba
740 589 889 641 postea
926 599 1013 627 una
1043 599 1138 626 cum
1170 585 1220 626 118
1252 585 1407 639 (111111118
1437 586 1761 642 excipiebantur
1790 585 1837 628 in

274 646 626 688 antecedentibus
670 646 716 686 in
754 648 921 687 textum
952 644 1170 699 irrepsisse
1202 645 1402 699 suspicor.
1465 644 1549 687 Sed
1586 649 1687 688 utut
1716 645 1837 699 origo

273 704 468 747 lectionis
515 708 740 760 corruptae
785 703 1069 759 explicabitur
1077 736 1087 755 ,
1142 702 1222 745 hoc
1267 704 1502 746 ostendisse
1548 704 1653 746 mihi
1690 704 1838 747 videor

275 777 418 807 versus
449 763 545 806 illos
576 764 668 806 loeo
700 763 774 805 ubi
805 766 906 805 sunt
936 763 1085 805 traditi
1113 766 1228 804 stare
1249 777 1335 805 non
1355 777 1502 818 posse;
1533 762 1672 806 altera
1691 767 1836 806 autem

274 837 326 865 ex
362 827 486 878 parte
518 839 584 866 vv.
615 823 870 875 528—529,
910 823 1112 877 quoniam
1148 825 1248 864 sunt
1279 823 1330 865 de
1361 835 1508 877 pugna
1536 821 1695 875 futura,
1727 823 1836 865 bene

272 896 534 938 praeparare
580 882 780 935 videntur
818 882 1022 924 orationis
1055 881 1302 934 clausulam,
1351 895 1481 935 quam
1516 885 1566 924 ut
1601 882 1646 924 in
1682 882 1837 924 ceteris

272 942 414 984 nuntii
445 941 763 984 narrationibus
796 941 1005 984 binariam
1036 940 1168 984 fuisse
1201 945 1265 983 est
1295 940 1536 984 verisimile.

391 1059 456 1101 Ex
476 1060 529 1102 iis
551 1073 662 1114 quae
685 1060 862 1116 exposui
895 1060 1000 1102 satis
1029 1073 1243 1115 superque
1266 1058 1406 1102 elucet
1431 1073 1517 1101 non
1545 1062 1635 1101 tam
1655 1059 1838 1102 firmiter

273 1133 403 1174 quam
423 1119 650 1162 Richterus
682 1132 813 1161 ausus
845 1122 912 1161 est
942 1133 1068 1174 posse
1101 1119 1301 1161 contendi
1333 1119 1473 1161 exitus
1505 1118 1635 1160 trium
1666 1117 1836 1160 illarum

273 1179 515 1221 orationum
535 1178 858 1234 interpolatoris
880 1179 1101 1234 cujusdam
1117 1178 1420 1221 additamentis
1443 1191 1537 1220 esse
1559 1177 1833 1233 depravatos:

271 1237 377 1279 mihi
421 1239 565 1293 potius
604 1238 812 1294 septimae
844 1238 958 1291 regis
1004 1238 1210 1280 orationis
1249 1238 1388 1280 exitus
1434 1237 1836 1292 interpretationem

271 1298 408 1351 magis
431 1311 561 1352 quam
582 1298 923 1340 emendationem
945 1297 1189 1340 desiderare
1217 1296 1466 1347 videbatur3
1498 1297 1639 1339 exitus
1660 1297 1835 1353 quintae

271 1357 412 1398 nuntii
443 1357 668 1408 orationis,
718 1357 809 1399 sine
842 1356 969 1398 dubio
1000 1356 1195 1399 versibus
1233 1356 1565 1411 transponendis
1602 1355 1834 1407 sanandus,

271 1415 376 1457 mihi
408 1416 580 1470 quidem
617 1417 862 1473 nuperrime
894 1429 1045 1459 revera
1091 1419 1267 1458 sanatus
1299 1429 1394 1458 esse
1431 1416 1622 1466 videtur3
1673 1415 1837 1457 exitum

273 1478 453 1529 quartae
485 1475 599 1530 regis
621 1476 840 1527 orationis,
874 1476 949 1529 qui
971 1479 1014 1518 et
1033 1475 1125 1530 ipse
1147 1489 1260 1517 nunc
1280 1489 1482 1517 versuum
1502 1475 1835 1530 transpositione

273 1535 503 1577 emendatu
525 1549 642 1577 sesse
662 1534 846 1586 videtur,
885 1549 971 1576 non
1004 1534 1169 1589 pariter
1200 1549 1277 1590 pro
1309 1538 1427 1576 certo
1461 1532 1671 1576 affirmari
1690 1537 1836 1589 potest

271 1608 371 1636 vere
404 1607 497 1636 esse
521 1593 824 1649 Aeschyleum:
858 1593 971 1649 mihi]
985 1597 1130 1636 tamen
1153 1593 1271 1636 nulla
1306 1607 1375 1636 res
1406 1593 1579 1636 obstare
1609 1593 1836 1635 videbatur

271 1654 498 1707 quominus
531 1657 575 1696 et
604 1653 719 1695 hunc
749 1654 803 1696 ab
834 1653 928 1709 ipso
949 1653 1160 1708 Aeschylo
1191 1651 1431 1708 profectum
1463 1665 1557 1695 esse
1584 1652 1832 1708 judicarem.

272 1711 356 1755 Sed
387 1713 593 1767 quidquid
632 1713 747 1755 docti
793 1715 987 1755 statuent
1025 1713 1076 1755 de
1107 1712 1281 1754 illarum
1327 1712 1569 1754 orationum
1615 1711 1750 1761 exitu,
1787 1710 1835 1753 id

271 1785 442 1827 semper
488 1773 639 1826 quovis
685 1773 864 1828 pignore
911 1772 1165 1814 contendam
1210 1771 1329 1814 illam
1377 1772 1428 1814 de
1473 1770 1618 1826 Tydeo
1663 1773 1834 1813 retento

270 1830 486 1874 fictionem
516 1832 599 1887 ipsi
620 1831 831 1886 Aeschylo
855 1832 1013 1874 deberi.
1075 1830 1226 1885 Neque
1248 1831 1387 1873 minus
1410 1831 1550 1872 causis
1572 1829 1834 1885 gravissimis

269 1889 554 1933 labefactasse
575 1890 680 1933 mihi
710 1891 858 1933 videor
877 1890 1205 1932 fundamentum
1225 1890 1416 1932 Richteri
1436 1889 1832 1944 argumentationis,

271 1950 363 1991 dico
395 1949 609 2006 duplicem
639 1949 757 1992 iilam
789 1951 841 1992 de
873 1949 1052 1992 ducibus
1085 1949 1303 2004 elegendis
1334 1950 1570 1999 fictionem,
1612 1962 1699 2003 qua
1729 1962 1832 1990 usus

270 2012 338 2050 est
382 2012 432 2051 ut
475 2010 725 2052 ostenderet
771 2008 945 2064 Septem
990 2009 1196 2051 adversus
1231 2009 1396 2052 Thebas
1442 2007 1613 2051 fabulae
1660 2020 1832 2049 scenam

195 2103 197 2105 .
269 2068 536 2135 praeclaram
580 2072 732 2124 postea
778 2082 872 2110 esse
921 2069 1208 2119 emendatam,
1258 2081 1368 2122 quae
1417 2081 1545 2110 scena
1575 2070 1620 2109 et
1655 2069 1832 2122 propter

269 2128 514 2170 universam
559 2127 748 2170 indolem
779 2131 824 2170 et
854 2130 1032 2183 plopter
1069 2101 1239 2182 singuia
1284 2127 1466 2169 artificia
1509 2125 1613 2168 mihi
1659 2126 1831 2180 quidem

269 2200 438 2254 semper
482 2201 585 2243 prae
619 2201 663 2229 se
702 2186 815 2230 ferre
859 2186 1079 2230 videbitur
1124 2187 1279 2229 summi
1324 2187 1583 2240 tragicorum
1627 2185 1832 2261 principis

267 2246 500 2300 ingenium.

819 2576 1052 2650 Altera
1099 2594 1271 2668 pars.

386 2718 479 2761 Hoc
509 2733 724 2761 summum
757 2719 979 2762 consilium
1009 2720 1054 2762 in
1076 2719 1193 2775 Sept.
1226 2718 1372 2761 fabula
1402 2722 1532 2774 poeta
1562 2722 1631 2760 est
1657 2720 1829 2760 secutus

268 2780 318 2818 ut
360 2778 474 2819 diras
522 2792 630 2833 quas
676 2777 866 2834 Oedipus
912 2783 1037 2834 pater
1081 2778 1181 2821 filiis
1228 2782 1322 2820 erat
1367 2779 1626 2833 imprecatus
1678 2789 1830 2819 revera

269 2837 462 2878 erenisse
493 2837 754 2880 ostenderet.
819 2838 976 2888 Quales
1008 2841 1153 2880 autem
1199 2836 1361 2879 fuerint
1405 2836 1524 2888 illae,
1573 2838 1665 2878 sine
1697 2835 1828 2878 dubio

268 2893 406 2937 altera
442 2897 487 2937 in
523 2896 720 2950 trilogiae
765 2895 912 2939 fabula
950 2898 1191 2940 accuratius
1229 2897 1468 2952 expositae,
1517 2910 1569 2938 ex
1605 2895 1830 2950 tragoedia

268 2957 439 2996 servata
469 2954 593 2997 facile
624 2956 894 3010 perspicitur.
967 2956 1078 2998 Nam
1107 2959 1338 3011 postquam
1369 2970 1446 2998 rex
1478 2956 1529 2998 de
1561 2968 1690 2997 scena
1720 2955 1829 2996 abiit
