1858 3320
712 248 1005 292 ...49-

27 387 37 432 ζ’
72 383 198 438 jiciat
242 396 340 425 eum
385 386 540 438 postea
586 394 680 424 esse
711 379 1007 436 professurum
1036 379 1252 422 neminem
1282 377 1523 421 fideliorem
1553 392 1647 421 esse

21 447 25 482 J
78 441 263 484 Oceano.
328 441 530 484 Ceterum
569 443 822 495 argumento
855 440 1059 496 jubemur
1088 452 1250 493 negare
1284 441 1547 493 anapaestos
1579 451 1648 480 re-

24 539 35 557 ..
77 502 202 544 citari
246 502 302 544 ab
334 500 504 543 Oceano
543 499 588 542 in
619 514 794 543 scenam
826 499 1076 543 advolante:
1118 499 1249 540 immo
1282 498 1488 553 quoniam
1518 497 1649 553 profi-

76 565 195 604 tetur
238 560 370 603 latius
408 560 575 603 itineris
615 573 793 602 causam
824 573 1033 615 suamque
1066 572 1171 614 erga
1201 556 1508 600 Prometheum
1541 557 1648 599 ami-

30 645 33 647 -
77 621 236 672 01110111,
272 621 416 676 01111113
448 620 622 663 10011011
651 619 855 662 videntur
887 633 913 661 a
944 619 1025 662 deo
1052 619 1146 674 ¹jam
1165 618 1211 660 in
1242 631 1374 660 scena
1403 621 1647 673 praesente.

31 712 33 715 .
77 680 232 735 Itaque
279 679 384 722 mihi
431 679 607 735 quidem
652 680 912 735 interpretes
950 693 1027 721 suo
1063 679 1162 734 jure
1200 680 1395 720 statuere
1434 676 1648 727 videntur,

24 762 26 764 >
78 739 182 783 dum
230 739 337 782 deus
386 743 647 795 anapaestos
679 739 845 790 recitet,
887 739 1076 793 virgines
1115 751 1243 780 suum
1273 750 1473 793 quaeque
1504 737 1550 778 in
1580 750 1650 778 or-

25 799 29 806 ”’
78 798 251 842 01103110
295 798 438 841 10011111
469 812 693 855 quaerere,
741 803 974 854 postquam
1006 811 1106 840 suos
1137 810 1288 840 versus
1318 796 1651 852 pronuntiantes

18 857 32 898 5
78 873 173 901 sese
204 862 254 901 ut
284 872 413 901 curru
436 858 750 901 descenderent
772 858 1038 901 accinxerint
1058 857 1298 912 eodemque
1319 860 1514 912 tempore
1539 854 1653 898 alter

28 918 35 950 ,²
79 918 360 961 advolaverit.
422 917 564 973 Atque
597 931 864 974 quamquam
895 918 1050 960 ceteris
1070 917 1116 959 in
1136 915 1374 971 tragoediis
1398 919 1474 958 0111
1496 914 1651 958 01101113

78 991 362 1034 personarum
406 977 724 1032 processionem
771 980 848 1019 aut
892 977 1014 1032 ipsae
1060 989 1275 1032 personae
1315 989 1414 1018 suos
1454 976 1652 1031 proprios

19 1055 29 1088 ‘1
78 1042 221 1080 motus
267 1037 464 1080 comitari
495 1036 635 1079 solent
682 1040 1021 1092 anapaestorum
1066 1036 1334 1087 recitatione,
1382 1038 1533 1078 tamen
1576 1034 1654 1077 illa

25 1096 32 1152 j
80 1110 212 1153 quam
243 1096 334 1139 dixi
365 1097 533 1140 ratione
565 1110 670 1139 usus
703 1100 833 1152 poeta
864 1110 950 1139 non
983 1097 1075 1139 sine
1109 1095 1291 1138 artificio
1325 1094 1467 1149 alege
1489 1095 1654 1137 usitata

16 1155 23 1170 ’·’
79 1157 310 1200 recessisse
341 1156 524 1199 videtur.
588 1156 689 1199 Jam
719 1161 768 1199 ut
804 1161 1080 1199 transeamus
1119 1154 1176 1198 ad
1207 1154 1330 1198 Jonis
1374 1157 1651 1210 anapaestos,

26 1263 30 1265 ,
79 1218 247 1259 1110111111
262 1215 559 1272 Westphalius
593 1230 666 1259 eos
698 1230 834 1258 unum
863 1219 1036 1259 tantum
1065 1215 1392 1271 hypermetrum
1412 1213 1651 1270 complecti,

18 1300 22 1324 ς
82 1276 160 1319 sed
207 1276 469 1332 Aeschylum
515 1275 652 1319 solere
699 1276 959 1332 conjungere
1006 1274 1164 1331 pluria.
1226 1274 1284 1317 At
1330 1273 1486 1316 (1000111
1525 1287 1654 1329 argu-

27 1335 29 1337 ’
78 1340 227 1379 11101110
265 1340 602 1392 anapaestorum
641 1349 749 1392 quos
785 1336 934 1379 citavit
973 1336 1039 1379 vir
1086 1334 1237 1378 11001113
1279 1348 1333 1376 ex
1363 1333 1654 1389 hypermetris

78 1409 213 1438 unum
244 1399 415 1438 tantum
447 1396 623 1438 solitum
654 1409 749 1438 esse
781 1396 908 1438 citari
938 1396 984 1437 in
1014 1408 1300 1451 personarum
1330 1392 1655 1436 advenientium

18 1466 34 1508 ᾗ»
78 1469 296 1512 1110003311.
359 1455 532 1498 Etenim
576 1459 626 1498 ut
672 1455 870 1498 omittam
902 1454 1051 1510 Suppl.
1090 1453 1267 1497 fabulae
1315 1468 1381 1496 vv.
1416 1453 1651 1496 933—946

27 1515 29 1517 ’
79 1520 273 1558 nostram
317 1516 362 1557 in
410 1515 748 1571 disputationem
778 1529 866 1557 non
904 1514 1125 1566 cadentes,
1166 1512 1284 1569 quod
1315 1528 1381 1556 vv.
1416 1512 1652 1556 933-941

16 1587 20 1612 5
78 1575 297 1632 pertinent
343 1574 400 1617 ad
431 1574 666 1630 Pelasgum
710 1588 859 1630 regem
906 1574 960 1617 de
992 1587 1123 1618 scena
1156 1572 1391 1616 abeuntem
1423 1577 1467 1616 et
1498 1573 1654 1616 ceteris

19 1640 33 1670 i
78 1634 269 1677 famulae
302 1648 355 1677 ex
385 1634 478 1677 loco
510 1635 584 1677 ubi
616 1634 882 1678 delituerunt
904 1634 961 1677 ad
983 1647 1108 1677 suam
1130 1647 1331 1690 quaeque
1358 1631 1512 1675 heram
1534 1646 1655 1676 0000-

18 1724 32 1744 s
80 1694 182 1737 dere
210 1695 430 1750 jubentur,
478 1695 788 1750 pronuntiatur
834 1708 886 1737 ex
920 1694 1037 1751 Sept.
1070 1692 1249 1736 fabulae
1283 1692 1535 1748 anapaestis
1567 1691 1654 1748 (vv.

19 1760 38 1790 ἴ
82 1754 167 1797 840
200 1753 315 1810 sqq.)
362 1754 482 1809 prius
521 1753 857 1810 hypermetrum,
907 1754 1011 1796 dum
1047 1753 1264 1808 Antigona
1296 1756 1339 1795 et
1370 1752 1545 1795 Ismena
1577 1765 1655 1809 ap-

80 1814 394 1869 propinquant,
442 1813 578 1856 altero
618 1818 766 1857 tamen
805 1813 1082 1869 hypermetro
1113 1813 1159 1855 in
1191 1827 1277 1868 quo
1309 1811 1557 1855 salutantur
1587 1826 1656 1856 so-

21 1870 31 1895 ²³
80 1887 202 1916 rores
229 1874 322 1929 jam
343 1874 389 1915 iu
412 1887 542 1916 scena
563 1878 829 1929 praesentes,
863 1877 1156 1930 praeparatur
1177 1886 1352 1916 carmen
1374 1873 1655 1928 subsequens.

27 1936 30 1938 ’
79 1933 247 1976 Deinde
278 1934 331 1975 iis
364 1947 414 1975 ex
449 1935 698 1989 anapaestis
722 1933 798 1988 qui
820 1938 920 1976 sunt
941 1934 986 1975 in
1008 1932 1127 1976 Pers.
1149 1931 1326 1976 fabulae
1354 1947 1421 1975 vv.
1443 1932 1527 1975 140
1546 1946 1654 1988 sqq.,

14 2008 33 2048 3
80 1993 269 2035 citantur
313 2008 378 2035 vv.
407 1993 653 2044 140-149‚
699 1993 803 2035 dum
839 1993 931 2048 ipse
969 1993 1122 2036 chorus
1155 1993 1302 2047 regiae
1336 1991 1658 2048 appropinquat

82 2051 188 2107 (vid.
222 2066 314 2095 voc.
348 2050 429 2092 τόδ’
462 2050 684 2107 ἐνεζόμενοι
715 2050 860 2105 στέγος
887 2050 1086 2110 ἀρχαῖοιῇ,
1118 2051 1286 2108 reliqui,
1322 2052 1395 2106 qui
1429 2049 1658 2111 apoc-iritum

82 2111 292 2155 vocabulo
323 2116 502 2168 propter
535 2112 689 2156 πάντας
717 2110 775 2169 (v.
812 2110 916 2170 154)
949 2117 1065 2155 recte
1096 2112 1141 2154 in
1175 2109 1481 2167 προσπίτνωμεν
1514 2125 1659 2160 emen-

14 2175 35 2228 ᾗ
83 2171 186 2214 dato
218 2171 410 2214 efficiunt
430 2186 564 2214 unum
595 2171 930 2227 hypermetrum,
965 2173 1226 2215 comitantur
1257 2172 1453 2226 reginam
1484 2171 1531 2212 in
1563 2169 1656 2229 000-

82 2245 184 2273 nam
215 2231 512 2287 prodeuntem.
575 2231 700 2274 Nunc
737 2236 876 2275 restat
912 2231 996 2275 hac
1028 2231 1182 2274 eadem
1213 2231 1257 2273 in
1289 2230 1440 2273 fabula
1473 2213 1659 2296 0110111111

14 2296 29 2351 Ῐρ
84 2291 345 2347 exemplum:
397 2291 532 2334 altero
578 2290 854 2348 hypermetro
904 2291 990 2347 (vv.
1025 2287 1281 2346 899—902)
1329 2304 1356 2332 a
1394 2289 1513 2333 chori
1550 2290 1658 2347 duqe

13 2363 36 2406 ,ᾗ
84 2350 337 2407 deploratur
373 2364 449 2393 rex
488 2351 619 2393 miser
644 2351 738 2407 jam
768 2352 814 2393 in
846 2365 978 2394 scena
1008 2364 1228 2407 1110030113,
1264 2364 1316 2392 ex
1347 2349 1477 2392 tertio
1508 2350 1661 2406 incipit

13 2406 35 2453 ῗ
83 2415 260 2467 propter
311 2410 544 2453 dialectum
595 2414 810 2454 mutatam
862 2411 1051 2466 proodus
1105 2409 1309 2453 carminis
1357 2409 1660 2466 subsequentis

13 2469 37 2519 ,ἐ
84 2467 188 2526 (vid.
221 2470 368 2513 Herm.
401 2470 503 2513 edit.
538 2469 618 2512 vol.
653 2470 708 2513 ΙΙ.
741 2486 782 2527 p.
817 2468 946 2527 251);
994 2471 1113 2525 prius
1158 2474 1304 2512 autem
1336 2468 1660 2525 hyper-metrum

83 2530 293 2572 recitatur
326 2529 381 2572 ab
413 2531 506 2586 ipso
538 2544 640 2584 rege
674 2529 945 2573 adveniente.
999 2529 1078 2572 Est
1107 2530 1240 2584 igitur
1270 2543 1358 2572 non
1388 2528 1659 2572 haerendum

83 2588 166 2631 hac
212 2590 256 2631 in
304 2603 350 2631 re
398 2588 515 2644 quod
554 2590 674 2645 ipsae
712 2603 923 2645 personae
955 2590 1000 2631 in
1032 2603 1208 2631 scenam
1238 2588 1522 2645 procedentes
1554 2602 1660 2632 ana-

30 2667 35 2674 ²
84 2650 248 2704 paestis
271 2652 464 2698 utuntur,
498 2650 755 2704 praesertim
782 2663 878 2691 cum
911 2648 1090 2691 dubium
1122 2663 1216 2691 esse
1248 2652 1440 2704 nequeat
1471 2649 1575 2705 quin
1608 2663 1659 2692 ex

26 2720 38 2731 *⁴
84 2709 206 2751 initio
252 2708 358 2764 ipsis
405 2708 601 2763 personis
650 2709 980 2751 advenientibus
1021 2708 1234 2765 ejusmodi
1266 2709 1496 2764 anapaesti
1529 2709 1660 2751 tribui

85 2769 171 2811 sint
203 2768 330 2810 soliti.
395 2768 490 2810 Huc
529 2768 696 2811 accedit
734 2767 850 2824 quod
891 2782 958 2811 me
986 2768 1132 2823 judice
1168 2768 1390 2823 aptissime
1423 2769 1662 2812 recitantur

88 2828 340 2884 anaepaesti
374 2827 429 2869 ab
461 2827 566 2883 ipsis
598 2828 793 2883 personis
824 2828 870 2870 in
903 2841 1077 2871 scenam
1110 2826 1423 2883 prodeuntibus
1457 2842 1509 2870 ex
1532 2842 1659 2871 neco·-

14 2884 41 2942 ff·
85 2887 249 2943 pinato.
314 2887 511 2929 Ceterum
545 2892 594 2930 ut
625 2887 802 2943 reliquis
836 2889 880 2930 in
912 2887 1146 2942 tragoediis
1179 2886 1290 2930 solet
1311 2886 1549 2942 Aeschylus
1581 2887 1659 2943 hy-

87 2952 302 3002 permetro
336 2946 391 2988 ad
421 2961 702 3003 personarum
726 2947 958 2991 adventum
981 2948 1215 3003 pertinenti
1240 2946 1424 2990 alterum
1448 2948 1659 3003 subjicere

11 3007 34 3074 {ff
86 3008 213 3062 quasi
235 3007 391 3050 cantici
413 3006 716 3063 subsequentis
738 3007 961 3062 prooduni,
993 3008 1052 3050 sic
1074 3011 1337 3063 anapaestos
1358 3006 1481 3050 Jonis
1505 3007 1661 3062 excipit

1327 3088 1351 3124 4
