1858 3320
854 212 1146 254 -46-

221 362 263 401 p.
288 345 372 388 674
405 345 457 387 D.
522 344 575 386 11
567 358 641 385 tec
673 343 816 384 omnia
847 342 930 397 ipsi
952 341 1163 397 Aeschylo
1186 341 1462 384 tribuendum
1484 355 1578 385 esse
1599 341 1787 385 suadent

220 409 520 458 argumentum
567 407 610 445 et
648 403 774 457 hujus
810 399 986 443 fabulae
1036 401 1212 444 alterius
1260 400 1499 456 particulae
1538 405 1582 444 et
1610 400 1786 445 fabulae

220 478 247 505 a
277 463 541 506 Weckleinio
580 461 805 504 laudatae:
857 465 1047 503 ceterum
1080 462 1262 516 scriptor
1294 461 1678 504 astronomicorum
1706 460 1788 504 hoc

218 524 263 564 in
296 524 607 565 sententiarum
639 535 832 564 connexu
864 520 1095 563 Herculem
1135 534 1221 562 non
1260 521 1622 572 commemoravit,
1671 519 1794 575 quod!

218 581 334 624 infra
380 583 433 625 de
482 583 574 638 ejus
614 580 820 623 beneficio
854 581 1097 622 accuratius
1131 584 1226 623 erat
1257 579 1569 636 disputaturus.
1631 579 1787 635 Itaque

219 655 379 698 paene⁴
405 646 525 683 certa
571 644 636 683 est
681 639 757 681 illa
803 639 1051 694 conjectura
1096 639 1247 683 Jovem
1293 640 1434 695 ipsum
1466 654 1519 682 ex
1549 639 1635 682 fide
1667 639 1786 692 data,

218 705 449 756 postquam
483 698 718 742 audivisset
750 713 776 740 a
808 698 1062 742 Prometheo
1084 699 1348 750 vaticinium,
1381 699 1549 742 misisse
1581 712 1707 742 suum
1736 699 1788 742 fi-

218 761 336 811 lium,
371 764 419 802 ut
451 765 494 802 et
526 758 717 813 aquilam
747 758 1010 801 interficeret
1039 763 1082 801 et
1104 772 1201 801 eum
1221 759 1363 814 ipsum
1384 759 1548 802 catenis
1568 758 1787 802 liberaret.

219 820 370 873 Neque
418 820 530 861 enim
575 817 663 860 ullo
710 818 836 860 modo
883 823 1065 874 possunt
1110 818 1218 860 haec
1254 819 1489 873 segregari,
1523 831 1790 873 quamquam

220 879 470 921 dubitanter
499 877 790 920 Weckleinius
824 877 925 921 edit,
948 894 990 935 p.
1017 879 1068 920 11
1104 883 1171 920 est
1202 879 1445 933 suspicatus
1477 878 1669 934 potuisse
1690 881 1790 934 post

221 937 412 992 aquilam
445 939 499 980 ab
531 937 716 980 Hercule
747 936 1020 980 interfectam
1050 938 1192 980 virum
1222 938 1363 993 ipsum
1397 951 1424 979 a
1452 937 1665 980 Mercurio
1696 937 1789 980 vin-

221 998 326 1040 culis
374 997 494 1048 solvi,
540 1001 584 1039 et
629 996 873 1039 Kolischius
913 1011 990 1040 suo
1024 1012 1076 1039 ex
1107 1011 1225 1039 more
1256 1012 1334 1053 pro
1366 1001 1483 1039 certo
1513 996 1605 1040 fere
1637 997 1791 1040 statuit

221 1056 313 1114 (pp.
336 1058 529 1112 ‘NJ-78)
564 1056 755 1111 aquilam
788 1057 842 1099 ab
863 1056 1049 1099 Hercule
1083 1071 1175 1098 esse
1207 1060 1419 1108 necatam,
1451 1057 1594 1112 ipsum
1615 1055 1790 1099 Prome-

219 1117 367 1160 theum
415 1131 440 1158 a
476 1116 671 1159 Vulcano
719 1115 906 1158 solutum
944 1120 1076 1171 atque
1116 1116 1300 1158 eandem
1330 1115 1421 1158 fere
1454 1115 1790 1172 disputationem

220 1176 365 1219 multis
412 1176 553 1218 verbis
602 1175 784 1230 adjectis
821 1176 996 1231 repetiit
1032 1176 1077 1217 in
1110 1190 1209 1217 ann.
1242 1189 1324 1218 rer.
1359 1189 1501 1231 gymn.
1533 1174 1675 1218 Berol.
1706 1175 1789 1218 vol.

220 1236 379 1278 XXIII.
414 1233 503 1291 (an.
530 1236 610 1278 187
619 1233 678 1291 9).
742 1234 855 1276 Nam
877 1236 1052 1278 obstant
1073 1235 1363 1289 segregationi
1385 1234 1499 1278 duae
1519 1235 1791 1291 potissimum

221 1310 303 1337 reS.
367 1294 508 1349 Atque
539 1295 726 1350 primum
758 1294 933 1349 quidem
964 1309 1091 1336 nemo
1122 1299 1265 1350 potest
1296 1295 1477 1349 cogitari
1508 1295 1583 1350 qui
1603 1293 1789 1338 Hercule

223 1355 366 1410 aptius
397 1353 593 1396 Titanem
631 1353 772 1396 solvat
808 1354 1002 1396 vinculis.
1066 1353 1264 1409 Namque
1295 1358 1345 1396 ut
1374 1357 1552 1410 propter
1582 1370 1649 1397 vv.
1675 1354 1788 1397 1025

223 1415 397 1457 -1028
432 1417 532 1456 ante
563 1414 705 1468 ipsam
736 1412 992 1456 solutionem
1025 1413 1174 1456 debuit
1204 1414 1387 1456 inveniri
1419 1413 1526 1456 deus
1557 1414 1603 1456 in
1633 1411 1792 1456 Orcum

224 1472 484 1516 descendere
515 1476 710 1528 paratus,
745 1473 805 1515 sic
835 1473 928 1529 ipse
951 1472 1159 1516 Hercules
1181 1473 1207 1515 J
1210 1474 1278 1516 ovi
1301 1472 1530 1516 Chironem
1550 1473 1790 1516 ostendisse

224 1533 381 1575 dicitur
425 1546 503 1588 pro
552 1532 689 1575 altero
735 1536 918 1575 mortem
958 1533 1175 1575 obiturum
1206 1531 1421 1589 (Apollod.
1453 1532 1555 1575 bibl.
1588 1532 1645 1575 II.
1678 1547 1714 1575 0.
1748 1533 1790 1575 5.

223 1592 310 1635 fab.
341 1593 390 1634 11
415 1592 631 1647 §2;1.c.
687 1591 816 1635 ..fab
840 1593 868 1634 4
901 1592 1005 1647 §6).
1053 1592 1222 1635 Deinde
1252 1597 1384 1648 poeta
1403 1593 1546 1635 verbis
1569 1592 1790 1648 apertissi-

222 1653 301 1694 mis
332 1666 411 1694 nos
443 1625 569 1694 do'cet
598 1650 903 1694 Prometheum
935 1653 990 1694 ab
1021 1651 1095 1695 illo
1124 1666 1210 1695 non
1234 1652 1382 1707 aquila
1414 1651 1540 1694 modo
1562 1651 1640 1694 sed
1661 1653 1793 1694 etiam

223 1711 403 1754 vinculis
449 1712 503 1753 iri
548 1710 792 1753 liberatum.
854 1710 968 1753 Nam
1013 1711 1234 1754 Vulcanus
1270 1711 1393 1754 illum
1429 1711 1652 1754 vincturus
1691 1710 1795 1754 dicit

222 1771 348 1814 haec:
387 1770 435 1809 »ὁ
457 1769 660 1827 λωφήσων
682 1769 761 1826 γὰρ
784 1768 831 1810 οὐ
854 1768 1010 1825 πέφυκέ
1033 1784 1120 1812 πω<<
1148 1770 1207 1825 (v.
1231 1769 1322 1828 27)‚·
1355 1775 1398 1813 et
1426 1772 1519 1826 ipse
1539 1771 1794 1826 priusquam

224 1830 328 1884 quid
357 1831 650 1885 pronuntiarit
681 1830 734 1872 de
762 1831 1023 1884 jecinoribus
1058 1831 1205 1884 aquila
1235 1830 1494 1882 lacerandis,
1531 1830 1794 1873 vaticinatur

222 1889 319 1932 Jovi
351 1889 581 1932 Herculem
614 1903 708 1931 sese
741 1889 959 1932 doloribus
992 1903 1086 1932 esse
1114 1889 1396 1933 liberaturum
1418 1887 1503 1946 (vv.
1524 1887 1792 1946 769—772)‚

223 1948 371 2004 paullo
405 1953 549 1991 autem
579 1948 758 1991 inferius
789 1949 926 1991 utitur
956 1948 1022 1991 his
1054 1950 1248 1992 versibus
1280 1947 1387 2006 (869
1411 1947 1547 2006 sqq.):

509 2008 663 2065 σπορᾶς
690 2023 734 2062 γε
759 2008 840 2065 μὴν
871 2007 916 2049 ἐκ
945 2007 1066 2066 τῆσδε
1096 2007 1264 2065 φύσεται
1295 2006 1463 2064 θρασύς,

509 2066 651 2113 τόξοισι
681 2067 829 2116 κλεινὸς
855 2067 902 2116 ὃς
929 2068 1062 2109 πόνων
1093 2068 1138 2109 ἐκ
1166 2067 1282 2110 τῶνδ’
1314 2067 1384 2124 ἐμὲ

510 2126 628 2168 λύσει.

225 2186 388 2237 Quibus
426 2187 471 2228 in
509 2188 650 2230 verbis
683 2186 891 2229 Hercules
931 2191 974 2230 et
1007 2191 1155 2243 aperte
1188 2187 1345 2230 dicitur
1375 2188 1518 2230 virum
1545 2187 1709 2229 catenis
1739 2185 1792 2228 li-

224 2247 456 2288 beraturus
502 2251 546 2288 et
590 2246 810 2290 vocabulis
862 2245 1035 2292 »τιὶξοισι
1073 2245 1246 2291 decusis«
1298 2247 1478 2289 obscure
1525 2246 1795 2300 significatur

227 2305 422 2360 aquilam
452 2310 686 2349 necaturus
718 2319 984 2361 quamquam
1015 2306 1098 2348 hac
1129 2306 1183 2349 de
1214 2321 1262 2349 re
1293 2306 1399 2348 nihil
1419 2305 1692 2362 praedictum
1713 2310 1792 2348 est.

226 2364 467 2407 Kolischius
513 2370 661 2408 tamen
708 2379 910 2421 perverse
943 2366 1104 2408 abusus
1137 2370 1202 2408 est
1232 2366 1298 2408 his
1330 2366 1544 2408 vaticiniis
1576 2379 1672 2409 cum
1702 2369 1794 2408 sta-

225 2428 367 2467 tueret
397 2429 571 2480 poetam
601 2425 822 2467 induxisse
854 2424 1158 2468 Prometheum
1189 2425 1242 2468 de
1265 2424 1462 2467 Herculis
1490 2424 1697 2467 beneficio
1718 2438 1794 2467 va-

225 2484 490 2535 ticinantem,
523 2485 778 2540 priusquam
815 2485 920 2539 quid
957 2485 1247 2540 praedixisset
1277 2485 1331 2526 de
1358 2485 1597 2540 jecinorum
1627 2483 1794 2526 lacera-

225 2544 354 2595 tione,
389 2543 573 2598 ideoque
605 2543 749 2586 facere
780 2559 866 2587 non
898 2545 1089 2600 potuisse
1122 2545 1225 2599 quin
1256 2544 1505 2587 traduceret
1543 2544 1794 2586 vaticinium

228 2603 284 2644 ad
316 2603 583 2646 vinculorum
615 2603 883 2646 solutionem.
945 2604 1003 2646 At
1034 2619 1118 2658 quo
1152 2604 1332 2646 artificio
1362 2604 1455 2659 ipse
1487 2607 1618 2658 poeta
1647 2602 1729 2644 hac
1749 2603 1795 2644 in

227 2676 361 2704 causa
392 2663 448 2705 sit
478 2677 582 2704 usus
614 2663 740 2706 docet
768 2664 952 2705 obscura
972 2663 1049 2705 illa
1070 2663 1326 2717 significatio
1349 2677 1460 2717 quae
1483 2666 1550 2705 est
1569 2663 1615 2704 in
1635 2678 1674 2705 v.
1693 2663 1793 2704 870.

348 2721 433 2763 Sed
463 2722 571 2764 haec
601 2722 831 2765 hactenus:
864 2737 1015 2764 vereor
1047 2724 1161 2765 enim
1191 2737 1245 2764 ne
1276 2723 1403 2764 nimis
1436 2736 1463 2763 a
1493 2736 1540 2763 re
1571 2721 1794 2777 proposita

230 2780 434 2822 aberasse
483 2781 615 2823 dicar.
678 2781 798 2831 Quae
844 2786 992 2824 tamen
1031 2781 1158 2824 attuli
1197 2783 1303 2824 satis
1335 2780 1562 2823 ostendere
1594 2780 1795 2823 videntur

228 2839 493 2881 Kolischium
539 2841 784 2895 nuperrime
833 2841 886 2882 de
932 2839 1178 2883 Promethei
1225 2840 1436 2884 solutione
1482 2854 1567 2882 non
1614 2841 1794 2882 circum-

230 2899 418 2952 spectius
445 2899 707 2952 judicavisse
741 2914 871 2953 quam
902 2901 947 2941 in
978 2901 1030 2942 iis
1063 2915 1175 2954 quae
1209 2905 1339 2943 antea
1361 2900 1626 2954 conscripsit,
1658 2903 1707 2941 ut
1728 2897 1794 2940 di·
1851 2945 1856 2948 ,
