<?xml version="1.0" encoding="UTF-8"?>
<!DOCTYPE html PUBLIC "-//W3C//DTD XHTML 1.0 Transitional//EN"
    "http://www.w3.org/TR/xhtml1/DTD/xhtml1-transitional.dtd">
<html xmlns="http://www.w3.org/1999/xhtml" xml:lang="en" lang="en">
 <head>
  <title>
</title>
<meta http-equiv="Content-Type" content="text/html;charset=utf-8" />
  <meta name='ocr-system' content='tesseract 3.04.00' />
  <meta name='ocr-capabilities' content='ocr_page ocr_carea ocr_par ocr_line ocrx_word'/>
</head>
<body>
  <div class='ocr_page' id='page_1' title='image "./septemadversusth00rhuoft_0023.png"; bbox 0 0 1858 3320; ppageno 0'>
   <div class='ocr_carea' id='block_1_1' title="bbox 687 246 978 288">
    <p class='ocr_par' dir='ltr' id='par_1_1' title="bbox 687 246 978 288">
     <span class='ocr_line' id='line_1_1' title="bbox 687 246 978 288; baseline -0.01 -8"><span class='ocrx_word' id='word_1_1' title='bbox 687 246 978 288; x_wconf 73' lang='lat'>-19-</span> 
     </span>
    </p>
   </div>
   <div class='ocr_carea' id='block_1_2' title="bbox 0 371 1621 791">
    <p class='ocr_par' dir='ltr' id='par_1_2' title="bbox 53 371 1616 434">
     <span class='ocr_line' id='line_1_2' title="bbox 53 371 1616 434; baseline -0.006 -11"><span class='ocrx_word' id='word_1_2' title='bbox 53 379 215 423; x_wconf 83' lang='lat' dir='ltr'>Versus</span> <span class='ocrx_word' id='word_1_3' title='bbox 245 379 361 422; x_wconf 92' lang='lat' dir='ltr'>illius</span> <span class='ocrx_word' id='word_1_4' title='bbox 391 377 767 434; x_wconf 80' lang='lat' dir='ltr'>interpolationem</span> <span class='ocrx_word' id='word_1_5' title='bbox 798 379 848 418; x_wconf 87' lang='lat' dir='ltr'>ut</span> <span class='ocrx_word' id='word_1_6' title='bbox 868 374 1128 425; x_wconf 76' lang='lat' dir='ltr'>ostenderet,</span> <span class='ocrx_word' id='word_1_7' title='bbox 1162 371 1324 415; x_wconf 89' lang='lat' dir='ltr'>nullam</span> <span class='ocrx_word' id='word_1_8' title='bbox 1346 372 1495 414; x_wconf 87' lang='lat' dir='ltr'>attulit</span> <span class='ocrx_word' id='word_1_9' title='bbox 1516 385 1616 414; x_wconf 87' lang='lat' dir='ltr'>cau-</span> 
     </span>
    </p>

    <p class='ocr_par' dir='ltr' id='par_1_3' title="bbox 53 433 1496 554">
     <span class='ocr_line' id='line_1_3' title="bbox 53 433 1496 490; baseline -0.007 -8"><span class='ocrx_word' id='word_1_10' title='bbox 53 440 261 482; x_wconf 77' lang='lat' dir='ltr'>samnisi</span> <span class='ocrx_word' id='word_1_11' title='bbox 292 438 616 481; x_wconf 89' lang='lat' dir='ltr'>similitudinem</span> <span class='ocrx_word' id='word_1_12' title='bbox 647 452 685 479; x_wconf 88' lang='lat' dir='ltr'>v.</span> <span class='ocrx_word' id='word_1_13' title='bbox 718 437 805 478; x_wconf 84' lang='lat'>409</span> <span class='ocrx_word' id='word_1_14' title='bbox 838 436 912 490; x_wconf 92' lang='lat' dir='ltr'>qui</span> <span class='ocrx_word' id='word_1_15' title='bbox 943 434 997 477; x_wconf 91' lang='lat' dir='ltr'>de</span> <span class='ocrx_word' id='word_1_16' title='bbox 1030 433 1229 489; x_wconf 86' lang='lat' dir='ltr'>Capaneo</span> <span class='ocrx_word' id='word_1_17' title='bbox 1261 433 1322 474; x_wconf 86' lang='lat' dir='ltr'>sic</span> <span class='ocrx_word' id='word_1_18' title='bbox 1352 435 1496 474; x_wconf 86' lang='lat' dir='ltr'>sonat:</span> 
     </span>
     <span class='ocr_line' id='line_1_4' title="bbox 267 491 1232 554; baseline -0.007 -14"><span class='ocrx_word' id='word_1_19' title='bbox 267 496 429 554; x_wconf 76' lang='grc' dir='ltr'><em>πύργοις</em></span> <span class='ocrx_word' id='word_1_20' title='bbox 455 496 647 538; x_wconf 70' lang='grc' dir='ltr'><em>δ’ἀπειλεῖ</em></span> <span class='ocrx_word' id='word_1_21' title='bbox 672 494 765 536; x_wconf 78' lang='grc' dir='ltr'><em>δείν’</em></span> <span class='ocrx_word' id='word_1_22' title='bbox 798 493 825 534; x_wconf 85' lang='grc' dir='ltr'><em>ἃ</em></span> <span class='ocrx_word' id='word_1_23' title='bbox 850 494 908 551; x_wconf 86' lang='grc' dir='ltr'>μὴ</span> <span class='ocrx_word' id='word_1_24' title='bbox 939 492 1090 550; x_wconf 58' lang='grc' dir='ltr'><em>,φαίνοι</em></span> <span class='ocrx_word' id='word_1_25' title='bbox 1121 491 1232 550; x_wconf 76' lang='grc' dir='ltr'><strong><em>τύχη.</em></strong></span> 
     </span>
    </p>

    <p class='ocr_par' dir='ltr' id='par_1_4' title="bbox 0 550 1618 612">
     <span class='ocr_line' id='line_1_5' title="bbox 0 550 1618 612; baseline -0.006 -11"><span class='ocrx_word' id='word_1_26' title='bbox 0 568 4 578; x_wconf 89' lang='grc'><em>·</em></span> <span class='ocrx_word' id='word_1_27' title='bbox 54 557 204 612; x_wconf 84' lang='lat' dir='ltr'>Neque</span> <span class='ocrx_word' id='word_1_28' title='bbox 235 561 386 600; x_wconf 88' lang='lat' dir='ltr'>tamen</span> <span class='ocrx_word' id='word_1_29' title='bbox 416 569 546 599; x_wconf 91' lang='lat' dir='ltr'>unam</span> <span class='ocrx_word' id='word_1_30' title='bbox 576 559 754 611; x_wconf 89' lang='lat' dir='ltr'>propter</span> <span class='ocrx_word' id='word_1_31' title='bbox 783 554 1104 596; x_wconf 85' lang='lat' dir='ltr'>similitudinem</span> <span class='ocrx_word' id='word_1_32' title='bbox 1134 551 1256 594; x_wconf 88' lang='lat' dir='ltr'>licuit</span> <span class='ocrx_word' id='word_1_33' title='bbox 1281 550 1508 606; x_wconf 76' lang='lat' dir='ltr'>interpreti</span> <span class='ocrx_word' id='word_1_34' title='bbox 1530 552 1618 591; x_wconf 87' lang='lat' dir='ltr'>sta-</span> 
     </span>
    </p>

    <p class='ocr_par' dir='ltr' id='par_1_5' title="bbox 53 609 1620 673">
     <span class='ocr_line' id='line_1_6' title="bbox 53 609 1620 673; baseline -0.006 -14"><span class='ocrx_word' id='word_1_35' title='bbox 53 621 176 659; x_wconf 84' lang='lat' dir='ltr'>tuere</span> <span class='ocrx_word' id='word_1_36' title='bbox 202 616 589 673; x_wconf 75' lang='lat' dir='ltr'>interpolationem.</span> <span class='ocrx_word' id='word_1_37' title='bbox 637 615 814 665; x_wconf 80' lang='lat' dir='ltr'>Deinde,</span> <span class='ocrx_word' id='word_1_38' title='bbox 848 614 892 655; x_wconf 92' lang='lat' dir='ltr'>ni</span> <span class='ocrx_word' id='word_1_39' title='bbox 911 612 1049 664; x_wconf 85' lang='lat' dir='ltr'>fallor,</span> <span class='ocrx_word' id='word_1_40' title='bbox 1083 612 1144 654; x_wconf 88' lang='lat' dir='ltr'>sic</span> <span class='ocrx_word' id='word_1_41' title='bbox 1164 615 1213 653; x_wconf 90' lang='lat' dir='ltr'>ut</span> <span class='ocrx_word' id='word_1_42' title='bbox 1232 610 1306 652; x_wconf 89' lang='lat' dir='ltr'>ille</span> <span class='ocrx_word' id='word_1_43' title='bbox 1327 610 1463 653; x_wconf 89' lang='lat' dir='ltr'>voluit</span> <span class='ocrx_word' id='word_1_44' title='bbox 1483 609 1620 651; x_wconf 90' lang='lat' dir='ltr'>oratio</span> 
     </span>
    </p>

    <p class='ocr_par' dir='ltr' id='par_1_6' title="bbox 0 669 1621 732">
     <span class='ocr_line' id='line_1_7' title="bbox 0 669 1621 732; baseline -0.006 -13"><span class='ocrx_word' id='word_1_45' title='bbox 0 696 2 704; x_wconf 66' lang='lat'>,</span> <span class='ocrx_word' id='word_1_46' title='bbox 53 690 231 732; x_wconf 88' lang='lat' dir='ltr'>prorsus</span> <span class='ocrx_word' id='word_1_47' title='bbox 263 691 348 718; x_wconf 92' lang='lat' dir='ltr'>non</span> <span class='ocrx_word' id='word_1_48' title='bbox 378 678 524 732; x_wconf 88' lang='lat' dir='ltr'>potest</span> <span class='ocrx_word' id='word_1_49' title='bbox 555 675 688 717; x_wconf 89' lang='lat' dir='ltr'>exire:</span> <span class='ocrx_word' id='word_1_50' title='bbox 722 687 862 727; x_wconf 90' lang='lat' dir='ltr'>neque</span> <span class='ocrx_word' id='word_1_51' title='bbox 895 673 1008 715; x_wconf 91' lang='lat' dir='ltr'>enim</span> <span class='ocrx_word' id='word_1_52' title='bbox 1039 671 1085 713; x_wconf 88' lang='lat' dir='ltr'>id</span> <span class='ocrx_word' id='word_1_53' title='bbox 1116 671 1260 726; x_wconf 85' lang='lat' dir='ltr'>agitur</span> <span class='ocrx_word' id='word_1_54' title='bbox 1289 673 1340 712; x_wconf 84' lang='lat' dir='ltr'>ut</span> <span class='ocrx_word' id='word_1_55' title='bbox 1365 670 1432 712; x_wconf 87' lang='lat' dir='ltr'>vir</span> <span class='ocrx_word' id='word_1_56' title='bbox 1452 669 1621 723; x_wconf 84' lang='lat' dir='ltr'>Argivis</span> 
     </span>
    </p>

    <p class='ocr_par' dir='ltr' id='par_1_7' title="bbox 0 728 1621 791">
     <span class='ocr_line' id='line_1_8' title="bbox 0 728 1621 791; baseline -0.004 -16"><span class='ocrx_word' id='word_1_57' title='bbox 0 758 2 775; x_wconf 71' lang='lat'>2</span> <span class='ocrx_word' id='word_1_58' title='bbox 53 736 263 778; x_wconf 86' lang='lat' dir='ltr'>beneficia</span> <span class='ocrx_word' id='word_1_59' title='bbox 307 733 538 791; x_wconf 79' lang='lat' dir='ltr'>hospitalia</span> <span class='ocrx_word' id='word_1_60' title='bbox 574 734 752 785; x_wconf 87' lang='lat' dir='ltr'>solvere,</span> <span class='ocrx_word' id='word_1_61' title='bbox 791 732 867 775; x_wconf 88' lang='lat' dir='ltr'>sed</span> <span class='ocrx_word' id='word_1_62' title='bbox 906 736 956 774; x_wconf 90' lang='lat' dir='ltr'>ut</span> <span class='ocrx_word' id='word_1_63' title='bbox 986 731 1154 774; x_wconf 85' lang='lat' dir='ltr'>solvens</span> <span class='ocrx_word' id='word_1_64' title='bbox 1183 729 1349 773; x_wconf 80' lang='lat' dir='ltr'>Thebas</span> <span class='ocrx_word' id='word_1_65' title='bbox 1379 742 1470 771; x_wconf 90' lang='lat' dir='ltr'>sese</span> <span class='ocrx_word' id='word_1_66' title='bbox 1503 728 1621 770; x_wconf 88' lang='lat' dir='ltr'>diru-</span> 
     </span>
    </p>
   </div>
   <div class='ocr_carea' id='block_1_3' title="bbox 0 786 1624 838">
    <p class='ocr_par' dir='ltr' id='par_1_8' title="bbox 0 786 1624 838">
     <span class='ocr_line' id='line_1_9' title="bbox 0 786 1624 838; baseline -0.006 -1"><span class='ocrx_word' id='word_1_67' title='bbox 0 822 1 825; x_wconf 60' lang='lat'><em>=</em></span> <span class='ocrx_word' id='word_1_68' title='bbox 54 798 200 837; x_wconf 85' lang='lat' dir='ltr'>turum</span> <span class='ocrx_word' id='word_1_69' title='bbox 247 808 337 838; x_wconf 91' lang='lat' dir='ltr'>esse</span> <span class='ocrx_word' id='word_1_70' title='bbox 383 794 575 836; x_wconf 84' lang='lat' dir='ltr'>minitari</span> <span class='ocrx_word' id='word_1_71' title='bbox 620 794 797 836; x_wconf 87' lang='lat' dir='ltr'>dicatur.</span> <span class='ocrx_word' id='word_1_72' title='bbox 859 791 967 834; x_wconf 84' lang='lat' dir='ltr'>Tota</span> <span class='ocrx_word' id='word_1_73' title='bbox 1011 804 1112 834; x_wconf 84' lang='lat' dir='ltr'>vero</span> <span class='ocrx_word' id='word_1_74' title='bbox 1149 789 1341 832; x_wconf 82' lang='lat' dir='ltr'>Richteri</span> <span class='ocrx_word' id='word_1_75' title='bbox 1377 789 1488 830; x_wconf 89' lang='lat' dir='ltr'>ratio</span> <span class='ocrx_word' id='word_1_76' title='bbox 1519 786 1624 829; x_wconf 88' lang='lat' dir='ltr'>mihi</span> 
     </span>
    </p>
   </div>
   <div class='ocr_carea' id='block_1_4' title="bbox 8 847 1643 3043">
    <p class='ocr_par' dir='ltr' id='par_1_9' title="bbox 54 847 1643 2865">
     <span class='ocr_line' id='line_1_10' title="bbox 57 847 1625 908; baseline -0.006 -11"><span class='ocrx_word' id='word_1_77' title='bbox 57 855 231 908; x_wconf 88' lang='lat' dir='ltr'>quidem</span> <span class='ocrx_word' id='word_1_78' title='bbox 269 853 640 896; x_wconf 82' lang='lat' dir='ltr'>vehementissime</span> <span class='ocrx_word' id='word_1_79' title='bbox 677 851 886 907; x_wconf 89' lang='lat' dir='ltr'>displicet.</span> <span class='ocrx_word' id='word_1_80' title='bbox 950 850 1121 892; x_wconf 90' lang='lat' dir='ltr'>Etenim</span> <span class='ocrx_word' id='word_1_81' title='bbox 1159 850 1346 904; x_wconf 87' lang='lat' dir='ltr'>primum</span> <span class='ocrx_word' id='word_1_82' title='bbox 1376 862 1463 890; x_wconf 89' lang='lat' dir='ltr'>non</span> <span class='ocrx_word' id='word_1_83' title='bbox 1493 847 1625 889; x_wconf 87' lang='lat' dir='ltr'>habet</span> 
     </span>
     <span class='ocr_line' id='line_1_11' title="bbox 58 909 1625 968; baseline -0.004 -14"><span class='ocrx_word' id='word_1_84' title='bbox 58 911 214 954; x_wconf 77' lang='grc' dir='ltr'><strong><em>τοιόσδε</em></strong></span> <span class='ocrx_word' id='word_1_85' title='bbox 258 926 493 968; x_wconf 89' lang='lat' dir='ltr'>pronomen</span> <span class='ocrx_word' id='word_1_86' title='bbox 540 926 625 965; x_wconf 92' lang='lat' dir='ltr'>quo</span> <span class='ocrx_word' id='word_1_87' title='bbox 655 912 891 967; x_wconf 79' lang='lat' dir='ltr'>pertineat:</span> <span class='ocrx_word' id='word_1_88' title='bbox 939 923 1041 951; x_wconf 90' lang='lat' dir='ltr'>nam</span> <span class='ocrx_word' id='word_1_89' title='bbox 1072 909 1275 963; x_wconf 86' lang='lat' dir='ltr'>quoniam</span> <span class='ocrx_word' id='word_1_90' title='bbox 1308 909 1506 950; x_wconf 87' lang='lat' dir='ltr'>dubitare</span> <span class='ocrx_word' id='word_1_91' title='bbox 1536 919 1625 948; x_wconf 88' lang='lat' dir='ltr'>non</span> 
     </span>
     <span class='ocr_line' id='line_1_12' title="bbox 57 965 1625 1028; baseline -0.004 -14"><span class='ocrx_word' id='word_1_92' title='bbox 57 985 284 1028; x_wconf 84' lang='lat' dir='ltr'>possumus</span> <span class='ocrx_word' id='word_1_93' title='bbox 317 972 420 1026; x_wconf 91' lang='lat' dir='ltr'>quin</span> <span class='ocrx_word' id='word_1_94' title='bbox 450 974 614 1026; x_wconf 85' lang='lat' dir='ltr'>spectet</span> <span class='ocrx_word' id='word_1_95' title='bbox 645 970 702 1012; x_wconf 88' lang='lat' dir='ltr'>ad</span> <span class='ocrx_word' id='word_1_96' title='bbox 733 983 786 1012; x_wconf 89' lang='lat' dir='ltr'>ea</span> <span class='ocrx_word' id='word_1_97' title='bbox 816 982 927 1023; x_wconf 88' lang='lat' dir='ltr'>quae</span> <span class='ocrx_word' id='word_1_98' title='bbox 958 969 1003 1010; x_wconf 90' lang='lat' dir='ltr'>in</span> <span class='ocrx_word' id='word_1_99' title='bbox 1034 969 1279 1010; x_wconf 88' lang='lat' dir='ltr'>universum</span> <span class='ocrx_word' id='word_1_100' title='bbox 1311 967 1428 1009; x_wconf 88' lang='lat' dir='ltr'>dicta</span> <span class='ocrx_word' id='word_1_101' title='bbox 1449 969 1550 1008; x_wconf 85' lang='lat' dir='ltr'>sunt</span> <span class='ocrx_word' id='word_1_102' title='bbox 1571 965 1625 1007; x_wconf 91' lang='lat' dir='ltr'>de</span> 
     </span>
     <span class='ocr_line' id='line_1_13' title="bbox 58 1025 1626 1086; baseline -0.004 -13"><span class='ocrx_word' id='word_1_103' title='bbox 58 1030 248 1086; x_wconf 87' lang='lat' dir='ltr'>Capanei</span> <span class='ocrx_word' id='word_1_104' title='bbox 277 1030 431 1082; x_wconf 90' lang='lat' dir='ltr'>indole,</span> <span class='ocrx_word' id='word_1_105' title='bbox 464 1030 614 1085; x_wconf 86' lang='lat' dir='ltr'>subjici</span> <span class='ocrx_word' id='word_1_106' title='bbox 646 1043 731 1072; x_wconf 90' lang='lat' dir='ltr'>non</span> <span class='ocrx_word' id='word_1_107' title='bbox 762 1032 907 1084; x_wconf 88' lang='lat' dir='ltr'>potest</span> <span class='ocrx_word' id='word_1_108' title='bbox 937 1028 1129 1070; x_wconf 85' lang='lat' dir='ltr'>versibus</span> <span class='ocrx_word' id='word_1_109' title='bbox 1156 1027 1359 1082; x_wconf 86' lang='lat' dir='ltr'>proximis</span> <span class='ocrx_word' id='word_1_110' title='bbox 1381 1027 1456 1081; x_wconf 89' lang='lat' dir='ltr'>qui</span> <span class='ocrx_word' id='word_1_111' title='bbox 1478 1029 1521 1068; x_wconf 93' lang='lat' dir='ltr'>et</span> <span class='ocrx_word' id='word_1_112' title='bbox 1542 1025 1626 1080; x_wconf 92' lang='lat' dir='ltr'>ipsi</span> 
     </span>
     <span class='ocr_line' id='line_1_14' title="bbox 56 1086 1624 1145; baseline -0.004 -13"><span class='ocrx_word' id='word_1_113' title='bbox 56 1093 107 1132; x_wconf 85' lang='lat' dir='ltr'>ut</span> <span class='ocrx_word' id='word_1_114' title='bbox 137 1090 328 1132; x_wconf 86' lang='lat' dir='ltr'>ostendit</span> <span class='ocrx_word' id='word_1_115' title='bbox 356 1090 628 1145; x_wconf 87' lang='lat' dir='ltr'>potissimum</span> <span class='ocrx_word' id='word_1_116' title='bbox 660 1086 787 1129; x_wconf 80' lang='grc' dir='ltr'><em>ἔοικεν</em></span> <span class='ocrx_word' id='word_1_117' title='bbox 821 1088 1010 1139; x_wconf 88' lang='lat' dir='ltr'>verbum,</span> <span class='ocrx_word' id='word_1_118' title='bbox 1043 1087 1246 1129; x_wconf 86' lang='lat' dir='ltr'>universa</span> <span class='ocrx_word' id='word_1_119' title='bbox 1266 1087 1454 1140; x_wconf 88' lang='lat' dir='ltr'>quadam</span> <span class='ocrx_word' id='word_1_120' title='bbox 1474 1098 1624 1126; x_wconf 89' lang='lat' dir='ltr'>narra-</span> 
     </span>
     <span class='ocr_line' id='line_1_15' title="bbox 58 1144 1628 1204; baseline -0.004 -12"><span class='ocrx_word' id='word_1_121' title='bbox 58 1150 175 1192; x_wconf 84' lang='lat' dir='ltr'>tione</span> <span class='ocrx_word' id='word_1_122' title='bbox 213 1150 432 1199; x_wconf 86' lang='lat' dir='ltr'>nituntur;</span> <span class='ocrx_word' id='word_1_123' title='bbox 478 1149 624 1203; x_wconf 91' lang='lat' dir='ltr'>itaque</span> <span class='ocrx_word' id='word_1_124' title='bbox 670 1149 810 1204; x_wconf 89' lang='lat' dir='ltr'>ipsum</span> <span class='ocrx_word' id='word_1_125' title='bbox 845 1160 1081 1202; x_wconf 89' lang='lat' dir='ltr'>pronomen</span> <span class='ocrx_word' id='word_1_126' title='bbox 1112 1159 1259 1188; x_wconf 80' lang='lat' dir='ltr'>versus</span> <span class='ocrx_word' id='word_1_127' title='bbox 1291 1145 1375 1187; x_wconf 89' lang='lat' dir='ltr'>alio</span> <span class='ocrx_word' id='word_1_128' title='bbox 1406 1144 1628 1200; x_wconf 83' lang='lat' dir='ltr'>transponi</span> 
     </span>
     <span class='ocr_line' id='line_1_16' title="bbox 54 1204 1628 1264; baseline -0.004 -13"><span class='ocrx_word' id='word_1_129' title='bbox 54 1209 193 1264; x_wconf 86' lang='lat' dir='ltr'>jubet.</span> <span class='ocrx_word' id='word_1_130' title='bbox 239 1209 405 1251; x_wconf 91' lang='lat' dir='ltr'>Deinde</span> <span class='ocrx_word' id='word_1_131' title='bbox 438 1220 700 1263; x_wconf 87' lang='lat' dir='ltr'>quamquam</span> <span class='ocrx_word' id='word_1_132' title='bbox 730 1206 916 1249; x_wconf 89' lang='lat' dir='ltr'>concedo</span> <span class='ocrx_word' id='word_1_133' title='bbox 946 1207 1038 1249; x_wconf 82' lang='lat' dir='ltr'>viro</span> <span class='ocrx_word' id='word_1_134' title='bbox 1069 1205 1196 1248; x_wconf 89' lang='lat' dir='ltr'>docto</span> <span class='ocrx_word' id='word_1_135' title='bbox 1217 1205 1406 1261; x_wconf 91' lang='lat' dir='ltr'>potuisse</span> <span class='ocrx_word' id='word_1_136' title='bbox 1429 1204 1628 1246; x_wconf 79' lang='lat' dir='ltr'>enuntia·-</span> 
     </span>
     <span class='ocr_line' id='line_1_17' title="bbox 59 1261 1631 1323; baseline -0.004 -12"><span class='ocrx_word' id='word_1_137' title='bbox 59 1271 153 1310; x_wconf 87' lang='lat' dir='ltr'>tum</span> <span class='ocrx_word' id='word_1_138' title='bbox 198 1269 440 1323; x_wconf 87' lang='lat' dir='ltr'>proximum</span> <span class='ocrx_word' id='word_1_139' title='bbox 486 1268 546 1309; x_wconf 89' lang='lat' dir='ltr'>sic</span> <span class='ocrx_word' id='word_1_140' title='bbox 589 1267 767 1309; x_wconf 83' lang='lat' dir='ltr'>formari</span> <span class='ocrx_word' id='word_1_141' title='bbox 797 1270 847 1308; x_wconf 88' lang='lat' dir='ltr'>ut</span> <span class='ocrx_word' id='word_1_142' title='bbox 883 1263 1225 1321; x_wconf 67' lang='grc' dir='ltr'><em>»Παρθενοπαῖος-</em></span> <span class='ocrx_word' id='word_1_143' title='bbox 1251 1261 1411 1320; x_wconf 70' lang='grc' dir='ltr'><em>Ἀρκάςα</em></span> <span class='ocrx_word' id='word_1_144' title='bbox 1457 1264 1631 1305; x_wconf 84' lang='lat' dir='ltr'>nomina</span> 
     </span>
     <span class='ocr_line' id='line_1_18' title="bbox 59 1322 1631 1384; baseline -0.004 -14"><span class='ocrx_word' id='word_1_145' title='bbox 59 1331 420 1384; x_wconf 83' lang='lat' dir='ltr'>postponerentur</span> <span class='ocrx_word' id='word_1_146' title='bbox 449 1327 501 1368; x_wconf 91' lang='lat' dir='ltr'>iis</span> <span class='ocrx_word' id='word_1_147' title='bbox 534 1340 645 1381; x_wconf 92' lang='lat' dir='ltr'>quae</span> <span class='ocrx_word' id='word_1_148' title='bbox 677 1327 728 1368; x_wconf 90' lang='lat' dir='ltr'>de</span> <span class='ocrx_word' id='word_1_149' title='bbox 759 1327 855 1381; x_wconf 90' lang='lat' dir='ltr'>ipso</span> <span class='ocrx_word' id='word_1_150' title='bbox 886 1326 976 1367; x_wconf 87' lang='lat' dir='ltr'>viro</span> <span class='ocrx_word' id='word_1_151' title='bbox 999 1328 1140 1366; x_wconf 87' lang='lat' dir='ltr'>essent</span> <span class='ocrx_word' id='word_1_152' title='bbox 1160 1324 1371 1375; x_wconf 89' lang='lat' dir='ltr'>nuntiata,</span> <span class='ocrx_word' id='word_1_153' title='bbox 1393 1326 1541 1365; x_wconf 89' lang='lat' dir='ltr'>tamen</span> <span class='ocrx_word' id='word_1_154' title='bbox 1561 1322 1631 1364; x_wconf 81' lang='lat' dir='ltr'>hic</span> 
     </span>
     <span class='ocr_line' id='line_1_19' title="bbox 59 1382 1630 1442; baseline -0.003 -13"><span class='ocrx_word' id='word_1_155' title='bbox 59 1386 174 1429; x_wconf 83' lang='lat' dir='ltr'>illius</span> <span class='ocrx_word' id='word_1_156' title='bbox 204 1401 360 1429; x_wconf 90' lang='lat' dir='ltr'>nomen</span> <span class='ocrx_word' id='word_1_157' title='bbox 390 1387 609 1442; x_wconf 88' lang='lat' dir='ltr'>repetiisse</span> <span class='ocrx_word' id='word_1_158' title='bbox 641 1388 814 1441; x_wconf 89' lang='lat' dir='ltr'>poetam</span> <span class='ocrx_word' id='word_1_159' title='bbox 844 1385 914 1427; x_wconf 85' lang='lat' dir='ltr'>vix</span> <span class='ocrx_word' id='word_1_160' title='bbox 945 1384 1116 1427; x_wconf 78' lang='lat' dir='ltr'>videtur</span> <span class='ocrx_word' id='word_1_161' title='bbox 1142 1382 1386 1426; x_wconf 84' lang='lat' dir='ltr'>verisimile.</span> <span class='ocrx_word' id='word_1_162' title='bbox 1434 1382 1630 1438; x_wconf 83' lang='lat' dir='ltr'>Namque</span> 
     </span>
     <span class='ocr_line' id='line_1_20' title="bbox 59 1441 1632 1498; baseline -0.003 -10"><span class='ocrx_word' id='word_1_163' title='bbox 59 1449 177 1488; x_wconf 90' lang='lat' dir='ltr'>recte</span> <span class='ocrx_word' id='word_1_164' title='bbox 198 1447 364 1488; x_wconf 91' lang='lat' dir='ltr'>monuit</span> <span class='ocrx_word' id='word_1_165' title='bbox 379 1445 636 1488; x_wconf 81' lang='lat' dir='ltr'>Ritschelius</span> <span class='ocrx_word' id='word_1_166' title='bbox 658 1444 854 1487; x_wconf 89' lang='lat' dir='ltr'>debuisse</span> <span class='ocrx_word' id='word_1_167' title='bbox 875 1443 1076 1485; x_wconf 90' lang='lat' dir='ltr'>nuntium</span> <span class='ocrx_word' id='word_1_168' title='bbox 1096 1444 1235 1498; x_wconf 87' lang='lat' dir='ltr'>ipsum</span> <span class='ocrx_word' id='word_1_169' title='bbox 1255 1441 1632 1497; x_wconf 83' lang='lat' dir='ltr'>Parthenopaeum</span> 
     </span>
     <span class='ocr_line' id='line_1_21' title="bbox 61 1501 1632 1557; baseline -0.003 -10"><span class='ocrx_word' id='word_1_170' title='bbox 61 1509 191 1547; x_wconf 86' lang='lat' dir='ltr'>antea</span> <span class='ocrx_word' id='word_1_171' title='bbox 221 1506 462 1548; x_wconf 87' lang='lat' dir='ltr'>nominare:</span> <span class='ocrx_word' id='word_1_172' title='bbox 495 1519 582 1547; x_wconf 92' lang='lat' dir='ltr'>non</span> <span class='ocrx_word' id='word_1_173' title='bbox 613 1503 771 1546; x_wconf 89' lang='lat' dir='ltr'>sufficit</span> <span class='ocrx_word' id='word_1_174' title='bbox 802 1517 899 1546; x_wconf 91' lang='lat' dir='ltr'>eum</span> <span class='ocrx_word' id='word_1_175' title='bbox 931 1503 991 1545; x_wconf 91' lang='lat' dir='ltr'>sic</span> <span class='ocrx_word' id='word_1_176' title='bbox 1022 1502 1254 1557; x_wconf 82' lang='lat' dir='ltr'>significari</span> <span class='ocrx_word' id='word_1_177' title='bbox 1285 1505 1335 1544; x_wconf 87' lang='lat' dir='ltr'>ut</span> <span class='ocrx_word' id='word_1_178' title='bbox 1366 1515 1418 1544; x_wconf 83' lang='lat' dir='ltr'>ex</span> <span class='ocrx_word' id='word_1_179' title='bbox 1440 1501 1632 1543; x_wconf 86' lang='lat' dir='ltr'>Richteri</span> 
     </span>
     <span class='ocr_line' id='line_1_22' title="bbox 62 1558 1632 1620; baseline -0.004 -13"><span class='ocrx_word' id='word_1_180' title='bbox 62 1565 308 1620; x_wconf 83' lang='lat' dir='ltr'>conjectura</span> <span class='ocrx_word' id='word_1_181' title='bbox 352 1568 451 1620; x_wconf 89' lang='lat' dir='ltr'>post</span> <span class='ocrx_word' id='word_1_182' title='bbox 496 1579 535 1607; x_wconf 87' lang='lat' dir='ltr'>v.</span> <span class='ocrx_word' id='word_1_183' title='bbox 565 1564 647 1606; x_wconf 87' lang='lat'>511</span> <span class='ocrx_word' id='word_1_184' title='bbox 698 1567 915 1619; x_wconf 89' lang='lat' dir='ltr'>ponantur</span> <span class='ocrx_word' id='word_1_185' title='bbox 959 1561 1065 1604; x_wconf 90' lang='lat' dir='ltr'>talia</span> <span class='ocrx_word' id='word_1_186' title='bbox 1102 1561 1191 1604; x_wconf 88' lang='lat' dir='ltr'>fere</span> <span class='ocrx_word' id='word_1_187' title='bbox 1229 1563 1328 1618; x_wconf 76' lang='grc' dir='ltr'>»τῆς</span> <span class='ocrx_word' id='word_1_188' title='bbox 1357 1558 1564 1616; x_wconf 74' lang='grc' dir='ltr'><em>παρθένου</em></span> <span class='ocrx_word' id='word_1_189' title='bbox 1588 1559 1632 1601; x_wconf 82' lang='grc' dir='ltr'>τὸ</span> 
     </span>
     <span class='ocr_line' id='line_1_23' title="bbox 65 1618 1634 1680; baseline -0.003 -16"><span class='ocrx_word' id='word_1_190' title='bbox 65 1621 213 1670; x_wconf 79' lang='grc' dir='ltr'><em>τέκνον,</em></span> <span class='ocrx_word' id='word_1_191' title='bbox 258 1620 492 1680; x_wconf 76' lang='grc' dir='ltr'><em>Ἀταλάντης</em></span> <span class='ocrx_word' id='word_1_192' title='bbox 539 1621 706 1680; x_wconf 78' lang='grc' dir='ltr'><em>γονήν«;</em></span> <span class='ocrx_word' id='word_1_193' title='bbox 752 1623 826 1665; x_wconf 86' lang='lat' dir='ltr'>sed</span> <span class='ocrx_word' id='word_1_194' title='bbox 856 1626 1038 1678; x_wconf 88' lang='lat' dir='ltr'>poscunt</span> <span class='ocrx_word' id='word_1_195' title='bbox 1074 1621 1189 1663; x_wconf 89' lang='lat' dir='ltr'>omni</span> <span class='ocrx_word' id='word_1_196' title='bbox 1234 1621 1360 1663; x_wconf 88' lang='lat' dir='ltr'>modo</span> <span class='ocrx_word' id='word_1_197' title='bbox 1402 1621 1536 1663; x_wconf 81' lang='lat' dir='ltr'>verba</span> <span class='ocrx_word' id='word_1_198' title='bbox 1586 1618 1634 1658; x_wconf 76' lang='grc' dir='ltr'>»ὁ</span> 
     </span>
     <span class='ocr_line' id='line_1_24' title="bbox 65 1676 1630 1738; baseline -0.004 -15"><span class='ocrx_word' id='word_1_199' title='bbox 65 1681 227 1736; x_wconf 78' lang='grc' dir='ltr'><em>δ’ὠμόν,</em></span> <span class='ocrx_word' id='word_1_200' title='bbox 262 1679 347 1723; x_wconf 80' lang='grc' dir='ltr'><em>οὔτε</em></span> <span class='ocrx_word' id='word_1_201' title='bbox 379 1680 597 1738; x_wconf 72' lang='grc' dir='ltr'><em>παρθένων</em></span> <span class='ocrx_word' id='word_1_202' title='bbox 628 1680 851 1736; x_wconf 79' lang='grc' dir='ltr'><em>ἐπώνυμον,</em></span> <span class='ocrx_word' id='word_1_203' title='bbox 884 1679 1093 1737; x_wconf 79' lang='grc' dir='ltr'><em>φρόνημα,</em></span> <span class='ocrx_word' id='word_1_204' title='bbox 1126 1679 1272 1736; x_wconf 76' lang='grc' dir='ltr'><em>γοργὸν</em></span> <span class='ocrx_word' id='word_1_205' title='bbox 1303 1677 1339 1719; x_wconf 72' lang='grc' dir='ltr'>ὃ·</span> <span class='ocrx_word' id='word_1_206' title='bbox 1370 1676 1465 1734; x_wconf 73' lang='grc' dir='ltr'><em>ὔμμ’</em></span> <span class='ocrx_word' id='word_1_207' title='bbox 1496 1677 1630 1736; x_wconf 77' lang='grc' dir='ltr'>ἔχων&lt;&lt;</span> 
     </span>
     <span class='ocr_line' id='line_1_25' title="bbox 64 1739 1633 1797; baseline -0.003 -13"><span class='ocrx_word' id='word_1_208' title='bbox 64 1742 145 1784; x_wconf 88' lang='lat' dir='ltr'>viri</span> <span class='ocrx_word' id='word_1_209' title='bbox 181 1742 313 1797; x_wconf 88' lang='lat' dir='ltr'>ipsius</span> <span class='ocrx_word' id='word_1_210' title='bbox 343 1755 519 1793; x_wconf 89' lang='lat' dir='ltr'>nomen,</span> <span class='ocrx_word' id='word_1_211' title='bbox 568 1755 708 1795; x_wconf 91' lang='lat' dir='ltr'>neque</span> <span class='ocrx_word' id='word_1_212' title='bbox 740 1740 919 1783; x_wconf 88' lang='lat' dir='ltr'>dubium</span> <span class='ocrx_word' id='word_1_213' title='bbox 950 1754 1039 1783; x_wconf 90' lang='lat' dir='ltr'>esse</span> <span class='ocrx_word' id='word_1_214' title='bbox 1070 1743 1214 1796; x_wconf 89' lang='lat' dir='ltr'>potest</span> <span class='ocrx_word' id='word_1_215' title='bbox 1244 1739 1349 1794; x_wconf 90' lang='lat' dir='ltr'>quin</span> <span class='ocrx_word' id='word_1_216' title='bbox 1379 1739 1517 1794; x_wconf 89' lang='lat' dir='ltr'>ipsum</span> <span class='ocrx_word' id='word_1_217' title='bbox 1543 1739 1633 1794; x_wconf 81' lang='lat' dir='ltr'>jam</span> 
     </span>
     <span class='ocr_line' id='line_1_26' title="bbox 64 1798 1635 1856; baseline -0.003 -13"><span class='ocrx_word' id='word_1_218' title='bbox 64 1805 165 1843; x_wconf 80' lang='lat' dir='ltr'>ante</span> <span class='ocrx_word' id='word_1_219' title='bbox 196 1816 235 1844; x_wconf 79' lang='lat' dir='ltr'>v.</span> <span class='ocrx_word' id='word_1_220' title='bbox 259 1802 344 1843; x_wconf 85' lang='lat'>532</span> <span class='ocrx_word' id='word_1_221' title='bbox 376 1805 526 1856; x_wconf 90' lang='lat' dir='ltr'>aperte</span> <span class='ocrx_word' id='word_1_222' title='bbox 558 1814 584 1842; x_wconf 88' lang='lat' dir='ltr'>a</span> <span class='ocrx_word' id='word_1_223' title='bbox 614 1804 744 1856; x_wconf 89' lang='lat' dir='ltr'>poeta</span> <span class='ocrx_word' id='word_1_224' title='bbox 773 1802 830 1842; x_wconf 88' lang='lat' dir='ltr'>sit</span> <span class='ocrx_word' id='word_1_225' title='bbox 861 1800 1059 1855; x_wconf 89' lang='lat' dir='ltr'>positum.</span> <span class='ocrx_word' id='word_1_226' title='bbox 1113 1798 1196 1841; x_wconf 84' lang='lat' dir='ltr'>Sed</span> <span class='ocrx_word' id='word_1_227' title='bbox 1229 1799 1453 1853; x_wconf 87' lang='lat' dir='ltr'>quaeritur</span> <span class='ocrx_word' id='word_1_228' title='bbox 1482 1799 1635 1854; x_wconf 85' lang='lat' dir='ltr'>possit-</span> 
     </span>
     <span class='ocr_line' id='line_1_27' title="bbox 65 1856 1636 1914; baseline -0.003 -11"><span class='ocrx_word' id='word_1_229' title='bbox 65 1874 119 1903; x_wconf 89' lang='lat' dir='ltr'>ne</span> <span class='ocrx_word' id='word_1_230' title='bbox 153 1861 334 1903; x_wconf 80' lang='lat' dir='ltr'>discerni</span> <span class='ocrx_word' id='word_1_231' title='bbox 355 1873 587 1914; x_wconf 86' lang='lat' dir='ltr'>quamnam</span> <span class='ocrx_word' id='word_1_232' title='bbox 615 1860 761 1902; x_wconf 85' lang='lat' dir='ltr'>sedem</span> <span class='ocrx_word' id='word_1_233' title='bbox 791 1859 1022 1902; x_wconf 86' lang='lat' dir='ltr'>habuerint</span> <span class='ocrx_word' id='word_1_234' title='bbox 1052 1872 1213 1901; x_wconf 88' lang='lat' dir='ltr'>versus.</span> <span class='ocrx_word' id='word_1_235' title='bbox 1275 1856 1337 1900; x_wconf 90' lang='lat' dir='ltr'>Ut</span> <span class='ocrx_word' id='word_1_236' title='bbox 1366 1858 1500 1912; x_wconf 84' lang='lat' dir='ltr'>igitur</span> <span class='ocrx_word' id='word_1_237' title='bbox 1530 1857 1636 1900; x_wconf 89' lang='lat' dir='ltr'>alias</span> 
     </span>
     <span class='ocr_line' id='line_1_28' title="bbox 66 1917 1637 1975; baseline -0.003 -13"><span class='ocrx_word' id='word_1_238' title='bbox 66 1920 332 1975; x_wconf 85' lang='lat' dir='ltr'>conjecturas</span> <span class='ocrx_word' id='word_1_239' title='bbox 362 1920 570 1970; x_wconf 88' lang='lat' dir='ltr'>omittam,</span> <span class='ocrx_word' id='word_1_240' title='bbox 604 1933 715 1974; x_wconf 90' lang='lat' dir='ltr'>quae</span> <span class='ocrx_word' id='word_1_241' title='bbox 748 1919 1021 1973; x_wconf 86' lang='lat' dir='ltr'>quantumvis</span> <span class='ocrx_word' id='word_1_242' title='bbox 1051 1922 1178 1960; x_wconf 88' lang='lat' dir='ltr'>acute</span> <span class='ocrx_word' id='word_1_243' title='bbox 1211 1917 1492 1971; x_wconf 86' lang='lat' dir='ltr'>excogitatae,</span> <span class='ocrx_word' id='word_1_244' title='bbox 1532 1917 1637 1959; x_wconf 88' lang='lat' dir='ltr'>mihi</span> 
     </span>
     <span class='ocr_line' id='line_1_29' title="bbox 67 1977 1636 2034; baseline -0.001 -14"><span class='ocrx_word' id='word_1_245' title='bbox 67 1980 240 2034; x_wconf 89' lang='lat' dir='ltr'>quidem</span> <span class='ocrx_word' id='word_1_246' title='bbox 272 1992 324 2022; x_wconf 89' lang='lat' dir='ltr'>ea</span> <span class='ocrx_word' id='word_1_247' title='bbox 353 1979 622 2034; x_wconf 87' lang='lat' dir='ltr'>potissimum</span> <span class='ocrx_word' id='word_1_248' title='bbox 654 1977 907 2021; x_wconf 85' lang='lat' dir='ltr'>difficultate</span> <span class='ocrx_word' id='word_1_249' title='bbox 939 1977 1136 2020; x_wconf 88' lang='lat' dir='ltr'>laborare</span> <span class='ocrx_word' id='word_1_250' title='bbox 1168 1978 1370 2020; x_wconf 80' lang='lat' dir='ltr'>videntur</span> <span class='ocrx_word' id='word_1_251' title='bbox 1401 1978 1515 2031; x_wconf 91' lang='lat' dir='ltr'>quod</span> <span class='ocrx_word' id='word_1_252' title='bbox 1546 1981 1636 2019; x_wconf 85' lang='lat' dir='ltr'>tres</span> 
     </span>
     <span class='ocr_line' id='line_1_30' title="bbox 66 2036 1637 2093; baseline -0.002 -12"><span class='ocrx_word' id='word_1_253' title='bbox 66 2052 213 2082; x_wconf 81' lang='lat' dir='ltr'>versus</span> <span class='ocrx_word' id='word_1_254' title='bbox 245 2039 500 2081; x_wconf 86' lang='lat' dir='ltr'>dirimantur</span> <span class='ocrx_word' id='word_1_255' title='bbox 529 2042 660 2093; x_wconf 88' lang='lat' dir='ltr'>atque</span> <span class='ocrx_word' id='word_1_256' title='bbox 692 2038 766 2080; x_wconf 88' lang='lat' dir='ltr'>alii</span> <span class='ocrx_word' id='word_1_257' title='bbox 797 2041 1135 2093; x_wconf 88' lang='lat' dir='ltr'>transponantur</span> <span class='ocrx_word' id='word_1_258' title='bbox 1166 2036 1271 2078; x_wconf 85' lang='lat' dir='ltr'>alias</span> <span class='ocrx_word' id='word_1_259' title='bbox 1307 2037 1352 2078; x_wconf 91' lang='lat' dir='ltr'>in</span> <span class='ocrx_word' id='word_1_260' title='bbox 1383 2037 1518 2088; x_wconf 86' lang='lat' dir='ltr'>sedes,</span> <span class='ocrx_word' id='word_1_261' title='bbox 1568 2050 1637 2079; x_wconf 90' lang='lat' dir='ltr'>re-</span> 
     </span>
     <span class='ocr_line' id='line_1_31' title="bbox 68 2095 1636 2154; baseline -0.002 -14"><span class='ocrx_word' id='word_1_262' title='bbox 68 2099 308 2154; x_wconf 88' lang='lat' dir='ltr'>cipiendam</span> <span class='ocrx_word' id='word_1_263' title='bbox 340 2098 498 2140; x_wconf 84' lang='lat' dir='ltr'>suadeo</span> <span class='ocrx_word' id='word_1_264' title='bbox 531 2098 874 2140; x_wconf 89' lang='lat' dir='ltr'>emendationem</span> <span class='ocrx_word' id='word_1_265' title='bbox 904 2097 1149 2152; x_wconf 88' lang='lat' dir='ltr'>nuperrime</span> <span class='ocrx_word' id='word_1_266' title='bbox 1181 2110 1209 2138; x_wconf 92' lang='lat' dir='ltr'>a</span> <span class='ocrx_word' id='word_1_267' title='bbox 1229 2095 1491 2138; x_wconf 87' lang='lat' dir='ltr'>Kirchhoffio</span> <span class='ocrx_word' id='word_1_268' title='bbox 1523 2109 1636 2138; x_wconf 87' lang='lat' dir='ltr'>com-</span> 
     </span>
     <span class='ocr_line' id='line_1_32' title="bbox 67 2155 1639 2213; baseline -0.002 -13"><span class='ocrx_word' id='word_1_269' title='bbox 67 2158 331 2200; x_wconf 87' lang='lat' dir='ltr'>mendatam:</span> <span class='ocrx_word' id='word_1_270' title='bbox 362 2158 488 2213; x_wconf 86' lang='lat' dir='ltr'>jussit</span> <span class='ocrx_word' id='word_1_271' title='bbox 518 2158 631 2199; x_wconf 89' lang='lat' dir='ltr'>enim</span> <span class='ocrx_word' id='word_1_272' title='bbox 662 2161 750 2199; x_wconf 86' lang='lat' dir='ltr'>tres</span> <span class='ocrx_word' id='word_1_273' title='bbox 781 2170 927 2199; x_wconf 86' lang='lat' dir='ltr'>versus</span> <span class='ocrx_word' id='word_1_274' title='bbox 957 2156 1179 2212; x_wconf 85' lang='lat' dir='ltr'>transponi</span> <span class='ocrx_word' id='word_1_275' title='bbox 1210 2159 1308 2211; x_wconf 88' lang='lat' dir='ltr'>post</span> <span class='ocrx_word' id='word_1_276' title='bbox 1337 2171 1377 2199; x_wconf 87' lang='lat' dir='ltr'>v.</span> <span class='ocrx_word' id='word_1_277' title='bbox 1405 2156 1505 2198; x_wconf 85' lang='lat'>520.</span> <span class='ocrx_word' id='word_1_278' title='bbox 1569 2155 1639 2198; x_wconf 86' lang='lat' dir='ltr'>Sic</span> 
     </span>
     <span class='ocr_line' id='line_1_33' title="bbox 69 2213 1639 2273; baseline -0.003 -14"><span class='ocrx_word' id='word_1_279' title='bbox 69 2218 257 2273; x_wconf 90' lang='lat' dir='ltr'>primum</span> <span class='ocrx_word' id='word_1_280' title='bbox 301 2220 479 2273; x_wconf 86' lang='lat' dir='ltr'>possunt</span> <span class='ocrx_word' id='word_1_281' title='bbox 509 2215 692 2270; x_wconf 84' lang='lat' dir='ltr'>intelligi</span> <span class='ocrx_word' id='word_1_282' title='bbox 724 2232 789 2259; x_wconf 78' lang='lat' dir='ltr'>vv.</span> <span class='ocrx_word' id='word_1_283' title='bbox 819 2216 1084 2265; x_wconf 79' lang='lat'>519-520;</span> <span class='ocrx_word' id='word_1_284' title='bbox 1132 2215 1287 2258; x_wconf 90' lang='lat' dir='ltr'>deinde</span> <span class='ocrx_word' id='word_1_285' title='bbox 1319 2215 1450 2257; x_wconf 87' lang='lat' dir='ltr'>habet</span> <span class='ocrx_word' id='word_1_286' title='bbox 1482 2213 1639 2255; x_wconf 77' lang='grc' dir='ltr'><em>τοιόσδε</em></span> 
     </span>
     <span class='ocr_line' id='line_1_34' title="bbox 69 2274 1639 2332; baseline -0.001 -14"><span class='ocrx_word' id='word_1_287' title='bbox 69 2289 303 2332; x_wconf 88' lang='lat' dir='ltr'>pronomen</span> <span class='ocrx_word' id='word_1_288' title='bbox 343 2290 427 2331; x_wconf 91' lang='lat' dir='ltr'>quo</span> <span class='ocrx_word' id='word_1_289' title='bbox 466 2279 649 2332; x_wconf 87' lang='lat' dir='ltr'>spectet:</span> <span class='ocrx_word' id='word_1_290' title='bbox 692 2289 791 2317; x_wconf 89' lang='lat' dir='ltr'>nam</span> <span class='ocrx_word' id='word_1_291' title='bbox 829 2278 958 2318; x_wconf 89' lang='lat' dir='ltr'>antea</span> <span class='ocrx_word' id='word_1_292' title='bbox 990 2289 1128 2317; x_wconf 89' lang='lat' dir='ltr'>sermo</span> <span class='ocrx_word' id='word_1_293' title='bbox 1160 2274 1242 2317; x_wconf 84' lang='lat' dir='ltr'>fuit</span> <span class='ocrx_word' id='word_1_294' title='bbox 1273 2274 1328 2317; x_wconf 92' lang='lat' dir='ltr'>de</span> <span class='ocrx_word' id='word_1_295' title='bbox 1359 2275 1439 2317; x_wconf 82' lang='lat' dir='ltr'>viri</span> <span class='ocrx_word' id='word_1_296' title='bbox 1469 2278 1639 2330; x_wconf 88' lang='lat' dir='ltr'>proter-</span> 
     </span>
     <span class='ocr_line' id='line_1_35' title="bbox 70 2334 1637 2390; baseline -0.002 -12"><span class='ocrx_word' id='word_1_297' title='bbox 70 2336 224 2386; x_wconf 85' lang='lat' dir='ltr'>vitate;</span> <span class='ocrx_word' id='word_1_298' title='bbox 255 2340 347 2378; x_wconf 90' lang='lat' dir='ltr'>tum</span> <span class='ocrx_word' id='word_1_299' title='bbox 380 2349 490 2390; x_wconf 89' lang='lat' dir='ltr'>quae</span> <span class='ocrx_word' id='word_1_300' title='bbox 527 2336 714 2377; x_wconf 89' lang='lat' dir='ltr'>minatus</span> <span class='ocrx_word' id='word_1_301' title='bbox 752 2339 816 2377; x_wconf 91' lang='lat' dir='ltr'>est</span> <span class='ocrx_word' id='word_1_302' title='bbox 847 2334 1198 2390; x_wconf 89' lang='lat' dir='ltr'>Parthenopaeus</span> <span class='ocrx_word' id='word_1_303' title='bbox 1234 2335 1280 2376; x_wconf 91' lang='lat' dir='ltr'>in</span> <span class='ocrx_word' id='word_1_304' title='bbox 1312 2350 1377 2376; x_wconf 86' lang='lat' dir='ltr'>vv.</span> <span class='ocrx_word' id='word_1_305' title='bbox 1403 2334 1637 2376; x_wconf 85' lang='lat'>514—515</span> 
     </span>
     <span class='ocr_line' id='line_1_36' title="bbox 71 2392 1639 2451; baseline -0.002 -14"><span class='ocrx_word' id='word_1_306' title='bbox 71 2398 171 2451; x_wconf 85' lang='lat' dir='ltr'>apte</span> <span class='ocrx_word' id='word_1_307' title='bbox 216 2398 472 2450; x_wconf 87' lang='lat' dir='ltr'>repetuntur</span> <span class='ocrx_word' id='word_1_308' title='bbox 518 2410 555 2437; x_wconf 88' lang='lat' dir='ltr'>v.</span> <span class='ocrx_word' id='word_1_309' title='bbox 587 2395 672 2437; x_wconf 88' lang='grc'>520</span> <span class='ocrx_word' id='word_1_310' title='bbox 711 2395 753 2436; x_wconf 90' lang='lat' dir='ltr'>in</span> <span class='ocrx_word' id='word_1_311' title='bbox 794 2395 1038 2437; x_wconf 86' lang='lat' dir='ltr'>universum</span> <span class='ocrx_word' id='word_1_312' title='bbox 1072 2394 1197 2436; x_wconf 89' lang='lat' dir='ltr'>dicto.</span> <span class='ocrx_word' id='word_1_313' title='bbox 1262 2393 1346 2435; x_wconf 85' lang='lat' dir='ltr'>Sed</span> <span class='ocrx_word' id='word_1_314' title='bbox 1377 2392 1506 2435; x_wconf 91' lang='lat' dir='ltr'>liceat</span> <span class='ocrx_word' id='word_1_315' title='bbox 1536 2393 1639 2435; x_wconf 90' lang='lat' dir='ltr'>mihi</span> 
     </span>
     <span class='ocr_line' id='line_1_37' title="bbox 71 2452 1640 2510; baseline -0.002 -13"><span class='ocrx_word' id='word_1_316' title='bbox 71 2455 341 2510; x_wconf 85' lang='lat' dir='ltr'>conjecturae</span> <span class='ocrx_word' id='word_1_317' title='bbox 380 2453 443 2496; x_wconf 91' lang='lat' dir='ltr'>illi</span> <span class='ocrx_word' id='word_1_318' title='bbox 482 2454 640 2496; x_wconf 85' lang='lat' dir='ltr'>addere</span> <span class='ocrx_word' id='word_1_319' title='bbox 678 2468 767 2495; x_wconf 88' lang='lat' dir='ltr'>rem</span> <span class='ocrx_word' id='word_1_320' title='bbox 799 2453 1009 2508; x_wconf 85' lang='lat' dir='ltr'>pusillam.</span> <span class='ocrx_word' id='word_1_321' title='bbox 1074 2452 1245 2495; x_wconf 88' lang='lat' dir='ltr'>Etenim</span> <span class='ocrx_word' id='word_1_322' title='bbox 1277 2456 1325 2494; x_wconf 93' lang='lat' dir='ltr'>ut</span> <span class='ocrx_word' id='word_1_323' title='bbox 1356 2453 1499 2494; x_wconf 89' lang='lat' dir='ltr'>omnia</span> <span class='ocrx_word' id='word_1_324' title='bbox 1531 2453 1640 2494; x_wconf 89' lang='lat' dir='ltr'>bene</span> 
     </span>
     <span class='ocr_line' id='line_1_38' title="bbox 72 2509 1639 2570; baseline -0.004 -14"><span class='ocrx_word' id='word_1_325' title='bbox 72 2513 319 2570; x_wconf 85' lang='lat' dir='ltr'>procedant,</span> <span class='ocrx_word' id='word_1_326' title='bbox 367 2513 476 2555; x_wconf 88' lang='lat' dir='ltr'>hanc</span> <span class='ocrx_word' id='word_1_327' title='bbox 522 2514 916 2569; x_wconf 86' lang='lat' dir='ltr'>interpunctionum</span> <span class='ocrx_word' id='word_1_328' title='bbox 964 2513 1123 2554; x_wconf 85' lang='lat' dir='ltr'>suadeo</span> <span class='ocrx_word' id='word_1_329' title='bbox 1167 2510 1215 2551; x_wconf 71' lang='grc' dir='ltr'>»ὃ</span> <span class='ocrx_word' id='word_1_330' title='bbox 1253 2510 1298 2551; x_wconf 80' lang='grc' dir='ltr'>δὲ</span> <span class='ocrx_word' id='word_1_331' title='bbox 1332 2509 1477 2552; x_wconf 77' lang='grc' dir='ltr'><em>τοιόσδ’</em></span> <span class='ocrx_word' id='word_1_332' title='bbox 1523 2510 1639 2569; x_wconf 78' lang='grc' dir='ltr'><em>ἀνήρ,</em></span> 
     </span>
     <span class='ocr_line' id='line_1_39' title="bbox 67 2569 1640 2628; baseline -0.001 -15"><span class='ocrx_word' id='word_1_333' title='bbox 67 2571 254 2628; x_wconf 73' lang='grc' dir='ltr'><em>μέτοικος</em></span> <span class='ocrx_word' id='word_1_334' title='bbox 302 2569 430 2628; x_wconf 76' lang='grc' dir='ltr'><em>Ἄργει</em></span> <span class='ocrx_word' id='word_1_335' title='bbox 481 2570 683 2613; x_wconf 77' lang='grc' dir='ltr'><em>δ’ἐκτίνων</em></span> <span class='ocrx_word' id='word_1_336' title='bbox 740 2571 867 2616; x_wconf 81' lang='grc' dir='ltr'><em>καλὰς·</em></span> <span class='ocrx_word' id='word_1_337' title='bbox 922 2570 1118 2628; x_wconf 69' lang='grc' dir='ltr'>τροφάςι.</span> <span class='ocrx_word' id='word_1_338' title='bbox 1190 2571 1386 2625; x_wconf 86' lang='lat' dir='ltr'>Namque</span> <span class='ocrx_word' id='word_1_339' title='bbox 1438 2571 1640 2625; x_wconf 87' lang='lat' dir='ltr'>quoniam</span> 
     </span>
     <span class='ocr_line' id='line_1_40' title="bbox 67 2630 1641 2687; baseline -0.003 -11"><span class='ocrx_word' id='word_1_340' title='bbox 67 2630 256 2687; x_wconf 66' lang='grc' dir='ltr'><strong><em>μέτοικος</em></strong></span> <span class='ocrx_word' id='word_1_341' title='bbox 283 2630 458 2686; x_wconf 85' lang='lat' dir='ltr'>virgulis</span> <span class='ocrx_word' id='word_1_342' title='bbox 489 2631 697 2674; x_wconf 86' lang='lat' dir='ltr'>inclusum</span> <span class='ocrx_word' id='word_1_343' title='bbox 729 2644 807 2687; x_wconf 89' lang='lat' dir='ltr'>per</span> <span class='ocrx_word' id='word_1_344' title='bbox 837 2644 881 2673; x_wconf 88' lang='lat' dir='ltr'>se</span> <span class='ocrx_word' id='word_1_345' title='bbox 917 2644 1004 2673; x_wconf 91' lang='lat' dir='ltr'>non</span> <span class='ocrx_word' id='word_1_346' title='bbox 1035 2633 1180 2686; x_wconf 89' lang='lat' dir='ltr'>potest</span> <span class='ocrx_word' id='word_1_347' title='bbox 1211 2630 1406 2684; x_wconf 82' lang='lat' dir='ltr'>intelligi,</span> <span class='ocrx_word' id='word_1_348' title='bbox 1447 2630 1514 2672; x_wconf 90' lang='lat' dir='ltr'>hic</span> <span class='ocrx_word' id='word_1_349' title='bbox 1545 2643 1641 2673; x_wconf 86' lang='lat' dir='ltr'>ver-</span> 
     </span>
     <span class='ocr_line' id='line_1_41' title="bbox 75 2689 1641 2745; baseline -0.001 -12"><span class='ocrx_word' id='word_1_350' title='bbox 75 2692 225 2734; x_wconf 89' lang='lat' dir='ltr'>borum</span> <span class='ocrx_word' id='word_1_351' title='bbox 257 2705 471 2733; x_wconf 88' lang='lat' dir='ltr'>connexus</span> <span class='ocrx_word' id='word_1_352' title='bbox 501 2690 728 2733; x_wconf 86' lang='lat' dir='ltr'>statundus</span> <span class='ocrx_word' id='word_1_353' title='bbox 759 2690 930 2733; x_wconf 85' lang='lat' dir='ltr'>videtur</span> <span class='ocrx_word' id='word_1_354' title='bbox 971 2690 1065 2731; x_wconf 79' lang='lat' dir='ltr'>«hic</span> <span class='ocrx_word' id='word_1_355' title='bbox 1113 2691 1185 2744; x_wconf 89' lang='lat' dir='ltr'>qui</span> <span class='ocrx_word' id='word_1_356' title='bbox 1218 2693 1284 2732; x_wconf 89' lang='lat' dir='ltr'>est</span> <span class='ocrx_word' id='word_1_357' title='bbox 1315 2689 1415 2731; x_wconf 87' lang='lat' dir='ltr'>talis</span> <span class='ocrx_word' id='word_1_358' title='bbox 1449 2689 1641 2745; x_wconf 87' lang='lat' dir='ltr'>(qualem</span> 
     </span>
     <span class='ocr_line' id='line_1_42' title="bbox 76 2748 1643 2806; baseline -0.002 -13"><span class='ocrx_word' id='word_1_359' title='bbox 76 2749 267 2806; x_wconf 86' lang='lat' dir='ltr'>depinxi)</span> <span class='ocrx_word' id='word_1_360' title='bbox 314 2754 358 2792; x_wconf 90' lang='lat' dir='ltr'>et</span> <span class='ocrx_word' id='word_1_361' title='bbox 402 2749 528 2792; x_wconf 86' lang='lat' dir='ltr'>solvit</span> <span class='ocrx_word' id='word_1_362' title='bbox 558 2753 797 2806; x_wconf 87' lang='lat' dir='ltr'>praeterea,</span> <span class='ocrx_word' id='word_1_363' title='bbox 846 2753 894 2791; x_wconf 88' lang='lat' dir='ltr'>ut</span> <span class='ocrx_word' id='word_1_364' title='bbox 931 2748 1086 2805; x_wconf 87' lang='lat' dir='ltr'>hospes</span> <span class='ocrx_word' id='word_1_365' title='bbox 1119 2753 1195 2799; x_wconf 85' lang='lat' dir='ltr'>est,</span> <span class='ocrx_word' id='word_1_366' title='bbox 1237 2749 1403 2803; x_wconf 82' lang='lat' dir='ltr'>Argivis</span> <span class='ocrx_word' id='word_1_367' title='bbox 1434 2749 1643 2792; x_wconf 88' lang='lat' dir='ltr'>beneficia</span> 
     </span>
     <span class='ocr_line' id='line_1_43' title="bbox 75 2807 1641 2865; baseline -0.001 -14"><span class='ocrx_word' id='word_1_368' title='bbox 75 2809 316 2865; x_wconf 88' lang='lat' dir='ltr'>hospitalia,</span> <span class='ocrx_word' id='word_1_369' title='bbox 350 2810 409 2851; x_wconf 91' lang='lat' dir='ltr'>sic</span> <span class='ocrx_word' id='word_1_370' title='bbox 440 2813 490 2851; x_wconf 89' lang='lat' dir='ltr'>ut</span> <span class='ocrx_word' id='word_1_371' title='bbox 520 2823 570 2851; x_wconf 88' lang='lat' dir='ltr'>eo</span> <span class='ocrx_word' id='word_1_372' title='bbox 602 2811 737 2863; x_wconf 87' lang='lat' dir='ltr'>magis</span> <span class='ocrx_word' id='word_1_373' title='bbox 767 2809 984 2851; x_wconf 90' lang='lat' dir='ltr'>timendus</span> <span class='ocrx_word' id='word_1_374' title='bbox 1016 2809 1255 2851; x_wconf 78' lang='lat' dir='ltr'>videatur«.</span> <span class='ocrx_word' id='word_1_375' title='bbox 1319 2807 1520 2851; x_wconf 85' lang='lat' dir='ltr'>Ceterum</span> <span class='ocrx_word' id='word_1_376' title='bbox 1553 2807 1641 2864; x_wconf 87' lang='lat' dir='ltr'>cly-</span> 
     </span>
    </p>

    <p class='ocr_par' dir='ltr' id='par_1_10' title="bbox 8 2864 1643 3043">
     <span class='ocr_line' id='line_1_44' title="bbox 76 2864 1642 2925; baseline -0.003 -13"><span class='ocrx_word' id='word_1_377' title='bbox 76 2870 147 2925; x_wconf 88' lang='lat' dir='ltr'>pei</span> <span class='ocrx_word' id='word_1_378' title='bbox 178 2870 299 2923; x_wconf 87' lang='lat' dir='ltr'>signo</span> <span class='ocrx_word' id='word_1_379' title='bbox 332 2869 544 2924; x_wconf 87' lang='lat' dir='ltr'>descripto</span> <span class='ocrx_word' id='word_1_380' title='bbox 575 2869 752 2911; x_wconf 84' lang='lat' dir='ltr'>nuntius</span> <span class='ocrx_word' id='word_1_381' title='bbox 783 2868 847 2910; x_wconf 89' lang='lat' dir='ltr'>his</span> <span class='ocrx_word' id='word_1_382' title='bbox 878 2868 1018 2910; x_wconf 84' lang='lat' dir='ltr'>verbis</span> <span class='ocrx_word' id='word_1_383' title='bbox 1054 2865 1214 2908; x_wconf 73' lang='grc' dir='ltr'><em>»ἐλθὼν</em></span> <span class='ocrx_word' id='word_1_384' title='bbox 1245 2864 1412 2908; x_wconf 78' lang='grc' dir='ltr'><em>δ’ἔοικεν</em></span> <span class='ocrx_word' id='word_1_385' title='bbox 1443 2866 1490 2907; x_wconf 81' lang='grc' dir='ltr'>οὐ</span> <span class='ocrx_word' id='word_1_386' title='bbox 1518 2881 1642 2924; x_wconf 80' lang='grc' dir='ltr'><em>καπη-</em></span> 
     </span>
     <span class='ocr_line' id='line_1_45' title="bbox 8 2925 1643 2985; baseline 0.001 -17"><span class='ocrx_word' id='word_1_387' title='bbox 8 2928 10 2930; x_wconf 74' lang='grc'><strong>’</strong></span> <span class='ocrx_word' id='word_1_388' title='bbox 78 2926 232 2969; x_wconf 79' lang='grc' dir='ltr'><em>λεύσειν</em></span> <span class='ocrx_word' id='word_1_389' title='bbox 246 2927 397 2985; x_wconf 75' lang='grc' dir='ltr'><em>μάχην,</em></span> <span class='ocrx_word' id='word_1_390' title='bbox 421 2929 587 2983; x_wconf 72' lang='grc' dir='ltr'><strong><em>μακρᾶς·</em></strong></span> <span class='ocrx_word' id='word_1_391' title='bbox 604 2926 800 2969; x_wconf 66' lang='grc' dir='ltr'><em>κελεύθου</em></span> <span class='ocrx_word' id='word_1_392' title='bbox 821 2926 908 2967; x_wconf 77' lang='grc' dir='ltr'>δὀὐ</span> <span class='ocrx_word' id='word_1_393' title='bbox 930 2928 1207 2984; x_wconf 74' lang='grc' dir='ltr'><em>καταισχυνεῖν</em></span> <span class='ocrx_word' id='word_1_394' title='bbox 1229 2925 1378 2983; x_wconf 68' lang='grc' dir='ltr'><em>πόρονα</em></span> <span class='ocrx_word' id='word_1_395' title='bbox 1404 2927 1643 2969; x_wconf 86' lang='lat' dir='ltr'>orationem</span> 
     </span>
     <span class='ocr_line' id='line_1_46' title="bbox 77 2986 1643 3043; baseline -0.001 -14"><span class='ocrx_word' id='word_1_396' title='bbox 77 2987 261 3030; x_wconf 86' lang='lat' dir='ltr'>reflectit</span> <span class='ocrx_word' id='word_1_397' title='bbox 306 2988 358 3030; x_wconf 87' lang='lat' dir='ltr'>ad</span> <span class='ocrx_word' id='word_1_398' title='bbox 404 2987 776 3043; x_wconf 86' lang='lat' dir='ltr'>Parthenopaeum</span> <span class='ocrx_word' id='word_1_399' title='bbox 823 2988 975 3043; x_wconf 88' lang='lat' dir='ltr'>ipsum,</span> <span class='ocrx_word' id='word_1_400' title='bbox 1025 2988 1098 3042; x_wconf 91' lang='lat' dir='ltr'>qui</span> <span class='ocrx_word' id='word_1_401' title='bbox 1144 2987 1209 3029; x_wconf 88' lang='lat' dir='ltr'>vir</span> <span class='ocrx_word' id='word_1_402' title='bbox 1247 2986 1344 3029; x_wconf 76' lang='lat' dir='ltr'>solis</span> <span class='ocrx_word' id='word_1_403' title='bbox 1384 2987 1523 3029; x_wconf 85' lang='lat' dir='ltr'>verbis</span> <span class='ocrx_word' id='word_1_404' title='bbox 1554 2990 1643 3028; x_wconf 89' lang='lat' dir='ltr'>tam</span> 
     </span>
    </p>
   </div>
   <div class='ocr_carea' id='block_1_5' title="bbox 1312 3068 1335 3104">
    <p class='ocr_par' dir='ltr' id='par_1_11' title="bbox 1312 3068 1335 3104">
     <span class='ocr_line' id='line_1_47' title="bbox 1312 3068 1335 3104; baseline 0 0"><span class='ocrx_word' id='word_1_405' title='bbox 1312 3068 1335 3104; x_wconf 73' lang='lat'><em>2</em></span> 
     </span>
    </p>
   </div>
  </div>
 </body>
</html>
