1858 3320
694 234 983 275 —21—

0 383 21 413 s
59 369 110 408 ut
139 365 231 421 ipse
263 379 359 407 cum
379 363 512 406 fratre
544 367 770 420 pugnaret,
804 363 957 406 chorus
989 363 1042 406 de
1064 360 1228 418 Oedipo
1260 365 1304 404 et
1335 362 1422 404 alia
1452 365 1496 405 et
1515 360 1623 404 haec

0 446 17 512 ξ
55 428 208 467 cantat
238 424 282 466 in
313 439 379 466 vv,
413 423 500 466 768
532 436 646 477 sqq.:

343 481 524 523 τέκνοισιν
554 480 699 538 δ’ἀράς

343 541 491 598 ἐφῆκεν
522 539 723 588 ἐπικότους
749 543 914 597 τροφᾶς,

343 600 433 641 αἰαῖ
457 599 772 656 πυῳογλώσσους
798 599 914 656 ἀράς,

343 658 411 700 καί
436 674 516 715 σφε
546 658 801 715 σιδαρονόμῳ

343 718 408 759 διὰ
434 718 531 776 χερὶ
561 718 655 760 ποτὲ
685 718 823 776 λαχεῖν

343 792 535 834 κτηματα·
568 778 636 818 νῦν
667 776 713 819 δὲ
743 775 853 848 τρέω

336 835 394 893 μὴ
426 835 564 894 τελέσῃ
594 835 815 892 καμψίπους
843 832 995 891 Ἐρινύς.

1 912 8 920 ·
58 896 142 939 Sed
179 895 260 937 hoc
290 895 472 938 artificio
509 899 639 951 poeta
676 899 742 938 est
778 908 882 937 usus
934 897 985 935 ut
1017 893 1063 935 in
1099 893 1233 949 priori
1278 893 1449 936 fabulae
1495 896 1621 950 parte

56 955 192 1011 patris
224 955 562 997 exsecrationem
592 954 683 997 fere
704 968 789 996 non
812 956 1184 996 commemoraret:
1216 954 1402 1009 primum
1429 953 1522 1009 ipse
1544 967 1621 995 rex

0 1026 6 1061 ς’
57 1014 131 1056 ubi
162 1013 327 1055 audivit
363 1028 416 1056 ex
447 1014 599 1056 nuntio
630 1013 778 1055 hostes
808 1014 1017 1068 impetum
1037 1026 1192 1068 parare
1213 1013 1258 1063 iu
1279 1013 1444 1064 urbem,
1479 1012 1621 1055 obiter

0 1087 5 1106 2·
58 1086 154 1116 eam
186 1073 399 1127 significat
429 1087 525 1115 cum
556 1073 622 1114 his
653 1076 804 1115 utatur
832 1072 994 1114 verbis:

339 1130 374 1172 ὦ
407 1131 490 1173 Ζεῦ
520 1146 562 1173 τε
592 1132 656 1173 καὶ
689 1130 749 1188 Γῆ
780 1131 843 1172 καὶ
874 1130 1059 1172 πολισσοῦ
1087 1145 1124 1171 οι
1154 1128 1257 1180 θεοί,

342 1189 434 1263 ’Aea'
462 1191 492 1232 τ’
515 1188 660 1247 ’Ῐζοινὺς
687 1190 883 1247 πατρὸςῆ
908 1145 1166 1246 μεγασθενής

334 1265 413 1350 {29
417 1266 486 1305 μοι
516 1250 625 1292 πόλιν
656 1265 700 1305 γε
730 1247 958 1306 πρεμνόθεν
988 1246 1252 1305 πανώλεθρον

415 1325 441 1350 α
471 1325 504 1350 m

0 1368 3 1371 ’
55 1369 220 1412 Deinde
258 1368 386 1423 longo
424 1325 614 1425 εςιιιίο
600 1368 855 1424 interposito
890 1367 1004 1410 idem
1035 1371 1128 1410 tum
1160 1367 1332 1410 demum
1370 1367 1508 1423 patris
1539 1367 1619 1409 im-

54 1429 343 1485 precationem
364 1429 558 1483 agnoscit
587 1428 662 1470 ubi
697 1427 904 1495 comperit
934 1425 1046 1470 forte
1083 1427 1269 1482 quadam
1295 1425 1419 1469 fatali
1439 1425 1620 1469 fratrem

54 1562 120 1590 vv.
153 1547 239 1590 636
271 1561 386 1602 sqq.:

339 1604 374 1646 ὦ
405 1604 606 1661 θεομανές
632 1619 674 1646 τε
705 1605 770 1647 καὶ
799 1603 911 1646 θεῶν
937 1604 1043 1660 μέγα
1074 1603 1224 1659 στύγος,

339 1663 375 1706 ὦ
405 1664 678 1721 πανδώςουτον
709 1663 811 1720 ἁμὸν
850 1663 1010 1706 Οἰδίπου
1041 1663 1166 1717 γένος·

338 1722 374 1765 ὦ
398 1740 468 1780 μοι
497 1723 648 1781 πατρὸς
675 1723 726 1781 δὴ
758 1725 826 1765 νῦν
856 1723 955 1779 ἀραὶ
984 1722 1231 1780 τελεσφόροι,

52 1784 159 1826 Tum
191 1787 236 1826 et
266 1783 461 1827 Eteocles
492 1784 604 1840 ipse,
654 1784 754 1827 dum
787 1797 813 1825 a
843 1782 970 1826 choro
1001 1783 1045 1825 in
1075 1782 1287 1839 proelium
1317 1782 1488 1839 prodire
1518 1797 1618 1839 pro-

54 1843 246 1894 hibetur,
295 1843 451 1886 iterum
483 1847 614 1898 atque
646 1844 817 1899 saepius
850 1843 965 1885 diras
1002 1845 1324 1894 commemorat,
1374 1845 1419 1885 et
1449 1841 1615 1895 chorus,

54 1902 129 1946 ubi
160 1902 272 1945 alter
301 1902 418 1954 abiit,
453 1902 668 1958 significat
699 1905 743 1945 et
762 1906 812 1944 ut
832 1903 958 1945 modo
989 1902 1170 1953 ostendi,
1204 1902 1396 1957 apertius
1418 1901 1616 1958 explicat.

53 1960 290 2016 Postquam
329 1965 474 2004 autem
511 1962 688 2004 nuntius
730 1962 858 2005 rediit
904 1965 954 2003 ut
989 1964 1183 2004 mutuam
1199 1960 1403 2028 fratrum
1440 1960 1617 2005 caedem

54 2021 287 2072 nuntiaret,
320 2022 508 2075 virgines
541 2025 585 2065 et
615 2020 700 2063 alia
731 2024 776 2063 et
805 2020 913 2064 haec
943 2019 1109 2063 dicunt:

338 2079 556 2137 ἐξέπραξεν
587 2079 673 2121 οὐδ’
705 2079 869 2122 ἀπεῖπεν

337 2138 541 2196 πατρόθεν
571 2138 731 2181 εὐκταία
762 2139 886 2195 φάτις.

0 2233 1 2247 2
54 2198 133 2241 His
163 2198 384 2241 versiculis
416 2213 628 2242 summum
660 2198 831 2242 fabulae
864 2197 1087 2241 consilium
1119 2197 1173 2240 ad
1204 2198 1334 2241 finem
1359 2198 1616 2255 perductum

54 2271 147 2300 esse
179 2258 409 2313 significari
440 2259 612 2302 videtis:
646 2271 786 2312 neque
818 2261 962 2300 tamen
995 2258 1049 2299 ab
1071 2256 1271 2311 Aeschyli
1303 2261 1397 2301 arte
1428 2257 1616 2300 alienum

52 2317 222 2360 videtur
261 2317 376 2372 quod
415 2318 515 2361 dum
548 2321 779 2360 cantantur
811 2315 896 2357 τάδ’
929 2314 1133 2373 αὐτόδηλα
1166 2320 1210 2359 et
1241 2330 1352 2372 quae
1375 2320 1617 2372 sequuntur

51 2377 95 2418 in
128 2391 193 2419 vv.
228 2378 476 2428 830-839,
511 2376 695 2419 Eteoclis
728 2380 772 2419 et
793 2375 1006 2432 Polynicis
1039 2389 1217 2432 corpora
1247 2377 1293 2418 in
1323 2390 1494 2419 scenam
1515 2391 1616 2433 pro-

52 2435 267 2486 feruntur,
310 2440 355 2479 et
385 2436 538 2479 deinde
571 2436 786 2490 Antigona
817 2439 861 2478 et
892 2436 1064 2478 Ismena
1095 2449 1263 2478 sorores
1293 2436 1532 2492 procedunt
1567 2439 1617 2478 ut

52 2509 147 2538 cum
179 2494 305 2537 choro
338 2496 517 2538 invicem
556 2499 730 2538 cantent
767 2493 967 2551 »θρῆνονι
1004 2495 1316 2549 insequentem.
1379 2494 1616 2550 Postquam

53 2557 198 2596 autem
230 2554 382 2597 chorus
413 2554 617 2611 plangere
650 2554 836 2605 destitit,
886 2567 1053 2597 sorores
1085 2553 1201 2597 solae
1233 2553 1364 2597 talem
1395 2554 1615 2611 planctum

52 2613 178 2656 edere
199 2618 385 2668 pergunt
415 2618 465 2656 ut
501 2614 716 2668 Antigona
735 2611 994 2668 Polynicem‚
1019 2613 1190 2656 Ismena
1210 2613 1426 2656 Eteoclem
1447 2613 1615 2670 lugeat;

52 2673 96 2714 in
128 2672 331 2715 extremis
370 2676 514 2715 autem
544 2673 672 2729 hujus
719 2672 918 2728 planctus
964 2672 1183 2716 versiculis
1222 2673 1480 2729 profitentur
1519 2687 1615 2717 sese

48 2732 139 2787 jam
169 2730 326 2774 fratres
347 2746 479 2788 prope
501 2736 668 2788 patrem
691 2745 785 2775 esse
818 2731 1074 2788 sepulturas.
1139 2732 1222 2775 Sed
1243 2733 1416 2775 nuntiat
1445 2746 1612 2789 praeco,

52 2791 107 2833 ab
129 2790 247 2833 urbis
272 2790 543 2834 senatoribus
565 2791 734 2843 missuS‚
768 2790 983 2834 Eteoclem
1007 2805 1166 2847 regem,
1187 2806 1264 2848 pro
1285 2792 1452 2848 patriae
1474 2792 1614 2836 salute

52 2853 281 2901 mortuum,
329 2849 578 2893 solemniter
621 2851 674 2892 iri
720 2850 957 2906 sepuItumz
1003 2851 1078 2894 sed
1131 2849 1397 2907 Polynicem‚
1445 2852 1614 2908 patriae

52 2908 231 2959 hostem.
265 2909 438 2965 sepeliri
470 2924 564 2954 esse
596 2910 794 2953 vetitum:
834 2911 963 2952 immo
995 2924 1148 2967 corpus
1180 2911 1271 2967 ejus
1302 2912 1539 2967 projectum
1561 2911 1613 2954 iri

53 2968 230 3012 canibus
262 2973 305 3012 et
336 2969 590 3013 volueribus
653 2969 764 3012 Huic
794 2973 1041 3013 senatorum
1073 2970 1244 3014 decreto
1273 2970 1488 3026 Antigona
1518 2984 1613 3014 sese

54 1488 235 1530 eandem
280 1491 411 1543 atque
458 1501 504 1530 se
551 1487 783 1543 sumpsisse
836 1489 1020 1542 portam.
1106 1485 1303 1541 Namque
1350 1486 1411 1529 sic
1464 1489 1621 1529 sonant
1683 1500 1686 1502 ·
