1858 3320
725 234 1017 275 -59-

86 366 290 421 detegere
320 366 486 420 sibique
517 364 782 408 vinculorum
814 378 986 406 causam
1018 364 1158 406 dicere
1186 365 1353 420 jubent.
1415 363 1583 407 Videtis
1606 379 1658 407 ex

85 439 204 468 more
235 425 474 481 Aeschyleo
505 423 742 468 Oceanides
775 424 921 479 eloqui
951 425 1218 479 apertissime
1239 433 1325 466 non
1347 424 1474 467 modo
1497 427 1661 478 quanta

89 485 383 528 misericordia
412 487 594 527 utantur
623 485 668 526 in
688 482 1008 534 Prometheum,
1041 485 1116 527 sed
1148 484 1279 526 etiam
1311 483 1430 538 quali
1461 483 1558 526 odio
1590 498 1659 526 ar-

85 546 216 588 deant
261 546 307 587 in
344 545 510 588 Jovem.
573 543 753 587 Accedit
799 543 913 598 quod
954 557 1051 585 cum
1082 543 1297 598 virginum
1329 543 1522 586 versibus
1554 542 1659 586 Pro-

85 604 247 647 methei
293 604 519 659 anapaesti
555 607 646 646 tam
686 606 803 646 arcte
835 602 1067 646 cohaerent
1098 606 1147 645 ut
1178 603 1382 658 dirempti
1427 617 1569 657 neque
1615 602 1661 644 hi

86 678 227 718 neque
273 664 338 706 illi
384 663 571 718 intelligi
616 666 853 718 nequeant·
904 666 1115 717 quantum
1159 666 1307 705 autem
1344 663 1519 705 valeant
1556 676 1660 704 ana-

84 724 225 778 paesti
255 723 300 765 in
322 723 536 766 Themidis
568 727 732 766 secreto
764 726 896 777 atque
918 721 1166 765 Promethei
1186 723 1505 778 praesagitione
1527 722 1660 776 signi-

24 803 25 806 *
83 782 265 825 ficandis
313 783 420 825 satis
460 797 677 837 superque
714 795 923 837 apparere
962 786 1068 837 puto
1100 796 1153 825 ex
1183 782 1316 825 tertia
1347 782 1661 825 dissertationis

84 846 221 897 parte,
255 843 314 885 sic
344 846 395 884 ut
424 842 539 885 idem
570 842 650 885 1100
678 842 771 884 1000
792 845 990 896 repetere
1012 842 1319 897 supersedeam
1339 846 1471 897 atque
1493 855 1662 896 sperem

84 903 301 945 neminem
339 902 385 943 in
425 902 603 944 dubium
643 915 734 944 esse
766 905 1019 943 vocaturum
1052 916 1199 944 eorum
1232 901 1442 956 originem
1474 901 1662 957 Aeschy-

85 962 212 1004 leam.
275 961 474 1004 Eundem
521 964 667 1003 autem
709 961 924 1015 virginum
962 962 1153 1003 animum
1190 961 1296 1004 mihi
1327 961 1662 1017 deprehendisse

84 1021 234 1064 videor
262 1021 308 1062 in
339 1020 513 1063 fabulae
544 1021 693 1063 exodo.
757 1019 930 1063 Etenim
960 1024 1188 1076 postquam
1212 1020 1452 1063 Mercurius
1475 1021 1663 1063 minatus

85 1084 150 1124 est
178 1080 374 1123 Titanem
420 1093 508 1122 una
538 1095 635 1123 cum
673 1094 782 1136 rupe
829 1080 898 1123 cui
929 1080 1086 1122 affixus
1116 1080 1317 1123 haereret
1349 1094 1518 1123 summa
1565 1094 1662 1123 cum

84 1144 342 1195 tempestate
386 1139 431 1181 in
478 1138 636 1182 Orcum
681 1140 735 1182 iri
767 1140 994 1196 dejectum,
1025 1139 1150 1196 jubet
1181 1154 1252 1183 eas
1285 1140 1339 1182 de
1370 1140 1464 1183 loco
1496 1141 1660 1191 cedere,

84 1214 139 1242 ne
170 1214 259 1242 una
289 1214 387 1243 cum
419 1199 557 1243 altero
587 1202 782 1254 pereant.
847 1199 931 1242 Sed
962 1199 1062 1242 illae
1095 1214 1194 1242 eum
1221 1204 1272 1242 ut
1292 1200 1412 1242 aliud
1434 1200 1539 1255 quid
1561 1214 1662 1256 pro-

84 1259 197 1302 ferat
235 1259 489 1309 admonent;
537 1260 664 1302 modo
704 1273 802 1302 eum
833 1260 1018 1302 suasisse
1050 1259 1260 1302 malitiem
1297 1273 1438 1315 neque
1470 1273 1663 1314 unquam

88 1333 182 1362 sese
213 1318 381 1361 futuras
413 1332 508 1361 esse
539 1318 781 1373 proditores
811 1319 1007 1361 miseras:
1041 1320 1172 1362 immo
1204 1320 1350 1362 omnia
1380 1333 1426 1362 se
1458 1333 1664 1375 passuras

87 1393 184 1421 cum
215 1378 485 1421 Prometheo.
548 1378 689 1429 Quid?
736 1379 923 1433 virgines
962 1379 1007 1420 111
1038 1379 1234 1421 versibus
1263 1379 1349 1421 illis
1383 1380 1512 1430 1065,
1548 1379 1660 1422 1067

87 1453 230 1482 nonne
270 1438 545 1489 Mercurium,
587 1442 632 1481 et
667 1439 809 1493 ipsum
844 1452 1003 1481 novum
1034 1438 1176 1490 deum,
1211 1440 1431 1495 despicere
1463 1438 1665 1481 videntur

87 1503 219 1553 atque
267 1498 560 1541 contemnere!
624 1497 743 1540 Haec
788 1498 934 1540 omnia
980 1498 1036 1540 ad
1069 1512 1120 1541 ea
1153 1513 1264 1553 quae
1295 1500 1340 1540 in
1371 1499 1533 1553 parodo
1564 1501 1665 1541 sunt

87 1557 308 1614 professae
351 1561 441 1600 tam
488 1558 598 1600 bene
637 1558 856 1612 quadrant
885 1561 936 1600 ut
967 1562 1012 1601 et
1042 1558 1170 1601 exodi
1199 1574 1266 1601 vv.
1292 1558 1588 1602 1062—1069
1622 1561 1666 1600 01

87 1618 239 1674 parodi
278 1618 466 1660 carmina
501 1618 556 1660 ab
587 1632 672 1660 uno
705 1618 942 1672 eodemque
974 1621 1106 1674 poeta
1134 1617 1331 1673 profecta
1362 1631 1456 1661 esse
1488 1621 1664 1660 conten-

89 1677 202 1720 dam.
267 1677 353 1720 Sed
385 1677 482 1732 quis
513 1691 706 1731 unquam
737 1677 917 1720 audebit
946 1678 1046 1720 illos
1084 1691 1235 1720 versus
1274 1692 1352 1721 suo
1385 1692 1437 1721 ex
1469 1691 1665 1720 connexu

90 1737 292 1779 dirimere
332 1740 377 1779 et
408 1736 482 1778 alii
514 1737 682 1779 cuidam
712 1740 867 1793 poetae
899 1738 1091 1780 tribuere
1122 1741 1255 1794 atque
1286 1741 1425 1780 totam
1457 1737 1662 1780 exodum!

87 1797 194 1839 haec
225 1800 371 1839 autem
402 1796 564 1838 exodus
595 1800 773 1851 propter
795 1810 1010 1839 summum
1031 1798 1288 1852 argumenti,
1312 1796 1556 1849 verborum,
1585 1811 1665 1839 nu-

87 1871 303 1899 merorum
350 1855 623 1912 splendorem
669 1857 729 1899 sic
768 1861 835 1899 est
880 1861 1131 1912 comparata
1178 1861 1228 1899 ut
1266 1857 1408 1899 adhuc
1455 1860 1666 1912 quantum

89 1917 223 1960 sciam
260 1930 386 1958 nemo
419 1929 514 1958 00111
546 1916 856 1972 abjudicaverit
893 1930 1034 1971 neque
1066 1931 1261 1973 unquam
1293 1931 1557 1985 quemquam
1587 1916 1665 1959 ab·

88 1977 383 2033 judicaturum
415 1989 506 2018 esse
539 1976 750 2018 confidam
783 1990 810 2018 a
841 1989 1007 2019 summo
1038 1978 1303 2032 tiagicorum
1333 1977 1538 2033 principe.

208 2035 333 2078 Nunc
369 2035 739 2078 considerabimus
776 2036 919 2079 sintne
958 2039 1198 2079 ceterorum
1231 2038 1497 2079 canticorum
1528 2035 1667 2079 forma

90 2099 480 2150 argumentumque
512 2095 714 2151 Aeschyli
751 2099 846 2138 arte
885 2096 1027 2150 digna.
1090 2096 1147 2138 Et
1192 2097 1379 2152 primum
1425 2100 1543 2139 recte
1589 2110 1666 2138 no-

89 2156 199 2198 tavit
229 2154 523 2211 Westphalius
559 2155 666 2197 haec
703 2156 789 2197 tria
820 2156 990 2198 cantica
1028 2169 1079 2198 ea
1110 2157 1381 2210 potissimum
1412 2170 1459 2199 re
1493 2155 1666 2198 differre

90 2229 117 2257 a
146 2228 298 2258 norma
333 2214 573 2270 Aeschylea
619 2214 736 2270 quod
781 2215 902 2269 prius
949 2213 1034 2272 (vv.
1068 2214 1326 2274 401—437)
1373 2219 1544 2259 teneret
1580 2215 1666 2258 duo

90 2278 261 2317 tantum
314 2275 506 2316 carmina
551 2274 861 2329 antistrophica
907 2279 1038 2329 atque
1091 2276 1276 2331 epodum
1314 2277 1664 2331 subsequentem,

90 2334 276 2377 alterum
307 2331 393 2391 (vv.
417 2331 674 2390 528-554)
707 2335 791 2377 duo
822 2335 1013 2377 carmina
1050 2335 1186 2389 epodo
1235 2336 1439 2387 carentia,
1488 2336 1666 2378 tertium

92 2392 176 2450 (vv.
211 2391 468 2451 885-905)
515 2407 649 2450 unum
694 2397 865 2436 tantum
913 2408 1084 2437 carmen
1132 2395 1488 2450 antistrophicum
1534 2399 1666 2450 atque

92 2453 279 2509 epodum
310 2453 538 2496 adnexam.

211 2512 321 2555 Nam
369 2516 624 2556 erraverunt
669 2512 785 2555 docti
832 2527 928 2555 cum
960 2515 1120 2570 epodos
1151 2515 1196 2556 in
1228 2528 1431 2558 numeros
1463 2514 1667 2558 antistro-

90 2573 237 2628 phicos
269 2573 559 2628 disponendas
593 2586 686 2615 esse
718 2576 958 2616 censerent.
1019 2572 1082 2616 Ut
1113 2574 1247 2628 igitur
1277 2575 1463 2631 primum
1487 2588 1667 2629 agamus

92 2633 144 2675 de
179 2648 243 2675 vv.
273 2633 358 2675 427
394 2646 503 2687 sqq„
536 2633 797 2688 interpretes
829 2632 1052 2688 stropham
1084 2637 1128 2676 et
1149 2634 1464 2691 antistropham
1485 2635 1601 2677 inter
1621 2648 1667 2677 se

91 2692 402 2748 respondentes
434 2692 666 2734 restituere
696 2706 782 2734 non
813 2697 1050 2747 potuerunt
1081 2694 1164 2735 nisi
1196 2698 1319 2736 textu
1350 2694 1581 2737 verborum
1613 2709 1667 2737 ex

91 2752 271 2794 arbitrio
304 2755 436 2806 atque
467 2751 644 2794 libidine
678 2755 858 2794 mutato.
921 2752 1119 2807 Namque
1161 2767 1330 2795 summa
1360 2753 1540 2798 libidine
1571 2768 1667 2797 ver-

92 2825 217 2854 suum
266 2811 591 2866 dispositionem
636 2812 847 2867 insignem
895 2825 989 2855 esse
1027 2826 1155 2856 nemo
1193 2814 1381 2868 negabit,
1416 2814 1490 2869 qui
1522 2828 1667 2856 secum

92 2870 428 2914 consideraverit
449 2871 717 2926 conjecturas
740 2871 1049 2924 G.Her1nanni‚
1074 2871 1358 2916 O.Ribbeckii
1380 2871 1506 2930 (Mus.
1530 2874 1665 2916 Rhen.

91 2930 206 2973 XIV.
253 2945 294 2985 p.
329 2928 449 2987 424),
499 2931 806 2983 Heimsoethii,
855 2931 1012 2982 Weilii,
1061 2932 1328 2976 Weckleinii.
1392 2933 1668 2976 Hermannus

94 2990 207 3033 enim
240 2990 331 3032 loco
363 2990 599 3045 particulae
632 2989 695 3048 δή,
730 3005 841 3046 quae
873 2992 1091 3047 aptissime
1125 2992 1284 3047 legitur
1304 2993 1348 3035 in
1370 3009 1408 3036 v.
1433 2993 1532 3045 427,
1567 3008 1667 3036 con-
