1858 3320
755 226 1016 270 -5-

22 388 25 391 ᾗ
100 359 212 416 petit
243 373 271 402 a
301 358 384 401 diis
422 361 471 401 ut
502 359 753 401 servitutem
786 371 813 400 a
841 358 984 414 patria
1020 356 1295 413 prohibeant;
1333 356 1491 399 deinde
1522 355 1567 397 in
1598 368 1667 396 or-

101 418 315 462 chestram
335 417 577 474 procedunt
597 418 784 472 virgines
805 417 1095 473 periculorum
1117 430 1229 472 quae
1250 416 1478 458 imminent
1501 428 1667 456 summo

16 480 19 487 '
100 478 255 521 timore
277 482 428 534 captae
449 481 582 533 atque
604 477 857 532 confugiunt
878 476 935 519 ad
956 476 1135 520 deorum
1157 475 1397 527 simulacra,
1431 488 1543 531 quae
1565 476 1669 515 sunt

99 541 201 580 ante
234 537 408 597 domum
437 537 618 592 regiam:
667 550 695 579 a
726 536 905 592 singulis
938 537 1018 580 diis
1050 535 1243 590 singulae
1274 538 1430 591 petunt
1460 533 1668 576 auxilium

98 596 286 640 luctibus
317 597 591 653 lacrimisque
623 596 913 651 indulgentes.
978 596 1062 639 Sed
1093 609 1190 647 rein,
1229 595 1305 650 qui
1334 598 1434 650 post
1469 609 1507 636 v.
1533 594 1587 635 77
1621 593 1668 634 in

19 706 21 710 Α
99 670 228 700 scena
257 657 515 699 remansisse
546 655 735 708 videtur,
772 683 824 688 -—-
860 656 1020 699 etenim
1066 669 1207 711 neque
1239 653 1296 696 ad
1335 657 1485 710 portas
1517 652 1665 695 deces-

101 716 208 759 sisse
239 719 386 772 potest
407 716 571 770 cogitar
591 716 785 772 ipropetr
815 716 1028 770 virginum
1058 714 1392 757 lamentationes
1424 726 1533 769 quas
1571 712 1666 767 ipse

11 787 17 814 1
99 789 194 819 sese
225 775 441 824 audivisse
473 775 554 827 ait,
588 789 728 831 neque
750 789 936 831 usquam
956 776 1000 817 in
1023 774 1197 816 domum
1217 773 1382 828 regiam
1403 773 1537 816 abiise
1560 771 1666 813 dici-

97 838 171 878 tur
201 862 256 867 —
289 836 475 891 primum
508 836 758 889 graviss1me
789 849 834 876 1n
868 848 940 877 eas
961 834 1180 878 invehitur
1208 847 1367 889 easque
1390 835 1510 875 vetat
1530 831 1666 887 trepi-

8 907 13 916 ‘
98 894 273 937 datione
304 898 435 950 atque
469 893 633 950 ejulatu
666 895 818 936 civium
853 895 1017 936 animos
1049 893 1269 948 frangere;
1301 896 1528 935 nectamen
1550 905 1664 933 com-

97 957 236 996 motas
276 954 426 997 sedare
462 957 608 1009 potest
646 954 729 996 nisi
766 954 907 996 verbis
951 953 1122 996 lenibus
1161 966 1279 995 usus.
1342 952 1459 995 Petit
1496 951 1609 994 enim
1641 963 1668 992 a

97 1013 333 1068 virginibus
371 1016 421 1055 ut
452 1027 628 1056 securae
667 1012 847 1055 audiant
890 1013 996 1068 quid
1033 1013 1126 1068 ipse
1173 1012 1255 1054 diis
1296 1012 1353 1054 sit
1398 1014 1577 1054 voturus
1624 1013 1668 1052 et

97 1072 254 1116 deinde
305 1076 407 1115 vota
459 1073 609 1115 audita
671 1075 922 1128 repetentes
979 1072 1171 1115 faustum
1231 1071 1460 1114 clamorem
1511 1069 1668 1112 tollant

96 1130 181 1188 (vv.
214 1133 300 1175 250
318 1146 425 1189 sqq„
459 1148 498 1175 v.
532 1130 651 1189 260).
721 1132 819 1188 Ipse
851 1136 997 1175 autem
1028 1135 1259 1188 postquam
1290 1131 1405 1174 vovit
1437 1130 1529 1182 diis,
1571 1143 1666 1171 sese

92 1192 182 1248 jam
220 1195 386 1248 septem
433 1193 562 1234 duces
601 1191 837 1235 electurum
876 1206 970 1235 esse
1015 1191 1078 1234 ait
1114 1191 1188 1247 qui
1225 1194 1373 1247 portas
1415 1189 1664 1232 defendant.

2 1253 34 1296 ’,
95 1251 213 1294 Haec
251 1255 396 1294 autem
435 1253 568 1295 verba
607 1253 667 1294 sic
714 1265 790 1299 rex
839 1252 1029 1294 instituit
1078 1255 1128 1293 ut
1170 1265 1256 1293 non
1300 1251 1525 1292 immemor
1571 1262 1665 1291 esse

95 1310 295 1354 videatur
325 1312 466 1354 nuntii
497 1312 716 1363 orationis,
751 1311 826 1367 qui
856 1311 962 1354 talia
992 1311 1159 1353 monuit
1188 1311 1232 1352 in
1264 1325 1331 1353 vv.
1364 1310 1560 1352 57-58:

381 1370 482 1427 πρὸς
509 1371 618 1425 ταῦτ’
648 1369 836 1427 ἀρίστους
863 1370 1019 1427 ἄνδρας
1046 1368 1244 1426 ἐκκρίτους
1272 1368 1428 1417 πόλεως

378 1430 511 1472 πυλῶν
542 1429 604 1472 ἐπ’
636 1429 805 1476 ἐξόδοισι
836 1431 1022 1486 τάγευσαι
1052 1430 1183 1488 τάχος.

94 1489 290 1547 Namque
321 1491 459 1533 utitur
488 1490 561 1533 ille
591 1490 658 1532 his
689 1491 829 1533 verbis
861 1488 946 1547 (vv.
981 1490 1066 1532 265
1100 1487 1234 1546 sqq.):

377 1549 457 1604 ἐγὼ
488 1549 589 1592 δ’ἐτθ
622 1549 777 1606 ἄνδρας
805 1549 854 1596 ἓξ
880 1549 967 1606 ἐμοὶ
998 1547 1069 1591 σὺν
1100 1548 1266 1604 ἑβδόμῳ

379 1608 600 1667 ἀντηρέτας
626 1607 809 1668 ἐχθροῖσι
839 1609 906 1652 τὸν
931 1608 1060 1666 μέγαν
1091 1607 1238 1666 τρόπον

379 1669 436 1717 εἷς
463 1668 705 1727 ἑπτατειχεῖς
732 1668 900 1718 ἐξόδους
927 1668 1034 1716 τάξω
1059 1667 1209 1725 μολών.

92 1726 236 1770 Etiam
268 1733 603 1771 commemoratu
635 1729 766 1783 digna
797 1729 1001 1772 videntur
1040 1742 1151 1786 quae
1184 1726 1525 1783 subsequuntur:

375 1788 466 1845 πρὶν
495 1787 685 1843 ἀγγέλους
712 1788 936 1847 σπερχνούς
963 1803 1005 1830 τε
1036 1788 1100 1830 καὶ
1130 1785 1416 1861 ταχυρρόθους

373 1847 516 1902 λόγους
543 1846 696 1890 ἱκέσθαι
726 1849 790 1890 καὶ
820 1848 976 1906 φλέγειν
1001 1846 1150 1907 χρείας
1177 1861 1266 1888 vno.

207 1906 379 1950 Etenim
410 1923 506 1951 011111
537 1909 715 1950 nuntius
737 1913 867 1951 antea
888 1908 1195 1963 significaverit
1225 1907 1344 1950 urbis
1367 1904 1662 1949 defensionem

89 1980 219 2022 quam
250 1966 471 2010 celerrime
504 1969 596 2023 regi
633 1982 727 2012 esse
761 1969 1076 2025 suscipiendam
1125 1967 1244 2022 (nam
1291 1967 1351 2009 sic
1383 1971 1508 2009 sonat
1539 1982 1577 2009 v.
1602 1967 1658 2008 65

89 2024 155 2065 καὶ
177 2024 304 2067 τῶνδε
326 2026 466 2083 καιρὸν
488 2026 597 2071 ὅστις
623 2026 791 2072 ὤκιστος
824 2026 955 2086 λαβέ),
986 2028 1066 2079 hic,
1100 2026 1305 2083 quoniam
1337 2031 1427 2069 tam
1456 2039 1660 2081 maguum

88 2086 294 2141 temporis
326 2087 514 2142 spatium
554 2091 622 2129 est
651 2089 955 2144 interpositum
991 2089 1106 2130 inter
1136 2087 1279 2129 nuntii
1311 2086 1660 2129 adhortationem

89 2148 134 2187 et
163 2145 275 2188 hanc
305 2145 485 2189 alterius
516 2148 769 2200 orationem,
803 2162 917 2190 nunc
948 2147 1122 2191 demum
1154 2150 1379 2203 portarum
1412 2145 1661 2189 defensores

89 2203 302 2248 electurus
349 2207 570 2262 aptissime
618 2206 767 2262 adjicit
815 2209 897 2251 sibi
935 2222 1065 2264 quam
1094 2204 1323 2264 {celerrime
1360 2221 1516 2249 munus
1553 2205 1662 2248 illud

88 2278 183 2307 esse
215 2264 499 2308 subeundum.
561 2265 622 2309 Ut
653 2267 787 2322 igitur
818 2282 872 2311 ex
901 2268 954 2310 iis
987 2280 1098 2324 quae
1131 2266 1268 2309 fusius
1298 2267 1477 2323 exposui
1508 2266 1552 2308 id
1583 2280 1661 2322 po-

87 2323 295 2367 tissimum
346 2326 538 2368 breviter
596 2326 794 2382 colligam
846 2327 963 2384 quod
1013 2327 1204 2383 pertinet
1254 2326 1311 2369 ad
1364 2326 1661 2383 quaestionem

92 2387 356 2440 sequentem,
390 2400 466 2428 rex
498 2390 598 2442 post
627 2386 702 2429 illa
733 2387 864 2430 verba
901 2388 945 2429 in
984 2391 1128 2430 castra
1165 2385 1373 2429 festinare
1405 2385 1660 2441 cogitandus

89 2446 156 2486 est
186 2447 237 2486 ut
273 2457 361 2487 una
397 2458 541 2488 secum
580 2459 655 2488 sex
693 2446 823 2490 duces
860 2446 1039 2502 singulis
1085 2447 1223 2503 portis
1269 2446 1505 2502 praeficiat.
1568 2445 1662 2488 Hoc

88 2504 340 2559 exsequitur
371 2518 420 2547 eo
460 2506 666 2561 temporis
704 2507 864 2562 spatio,
914 2507 1015 2550 dum
1053 2509 1254 2548 cantatur
1292 2506 1505 2549 canticum
1543 2504 1661 2561 quod

90 2566 155 2605 est
183 2562 285 2606 inde
317 2577 344 2606 a
373 2579 412 2607 v.
437 2565 523 2608 270
554 2579 689 2620 usque
722 2565 779 2608 ad
809 2581 848 2608 v.
872 2566 974 2610 351.
1036 2565 1139 2608 Post
1168 2565 1282 2608 1111110
1314 2570 1459 2608 autem
1490 2579 1661 2607 versum

89 2625 134 2665 et
164 2623 338 2665 nuntius
369 2626 414 2666 et
435 2637 510 2666 rex
543 2624 730 2668 redeunt
760 2626 804 2667 in
825 2639 995 2668 scenam
1028 2625 1112 2682 (vv.
1137 2623 1406 2683 352—357).
1437 2624 1537 2667 Jam
1558 2623 1660 2667 sub-

87 2682 282 2737 sequitur
313 2696 441 2725 scena
471 2683 546 2726 illa
576 2684 798 2741 praeclara
829 2699 916 2739 qua
947 2689 991 2728 et
1011 2685 1267 2740 Argivorum
1297 2689 1341 2728 et
1360 2685 1660 2728 Thebanorum

87 2740 217 2784 duces
263 2743 578 2786 accuratissime
626 2743 932 2800 depinguntur.
996 2744 1166 2788 Etenim
1206 2745 1448 2801 exploravit
1485 2745 1660 2787 nuntius

87 2814 317 2855 quamnam
350 2803 530 2857 quisque
561 2802 745 2846 hostium
767 2808 937 2860 portam
959 2808 1069 2848 esset
1089 2805 1266 2847 sortitus
1294 2804 1378 2862 (vv.
1402 2801 1660 2862 358—359)

87 2864 132 2903 et
170 2862 346 2917 exponit
383 2876 474 2904 rem
514 2862 781 2919 exploratam
813 2865 871 2907 sic
901 2864 945 2906 in
976 2865 1333 2920 subsequentibus
1364 2868 1414 2907 ut
1446 2864 1661 2907 describat

86 2921 324 2963 accuratius
354 2921 543 2977 singulos
573 2926 737 2979 septem
759 2927 982 2980 portarum
1004 2924 1146 2967 duces.
1200 2924 1292 2967 Rex
1314 2927 1461 2967 autem
1482 2922 1659 2979 singulis

86 2980 226 3023 nuntii
269 2982 586 3025 narrationibus
633 2982 791 3026 auditis
830 2982 1061 3041 respondet
1092 2984 1287 3039 quisnam
1321 2999 1373 3029 ex
1404 2984 1573 3039 Argivis
1603 2984 1659 3026 sit
