<?xml version="1.0" encoding="UTF-8"?>
<!DOCTYPE html PUBLIC "-//W3C//DTD XHTML 1.0 Transitional//EN"
    "http://www.w3.org/TR/xhtml1/DTD/xhtml1-transitional.dtd">
<html xmlns="http://www.w3.org/1999/xhtml" xml:lang="en" lang="en">
 <head>
  <title>
</title>
<meta http-equiv="Content-Type" content="text/html;charset=utf-8" />
  <meta name='ocr-system' content='tesseract 3.04.00' />
  <meta name='ocr-capabilities' content='ocr_page ocr_carea ocr_par ocr_line ocrx_word'/>
</head>
<body>
  <div class='ocr_page' id='page_1' title='image "./septemadversusth00rhuoft_0074.png"; bbox 0 0 1858 3320; ppageno 0'>
   <div class='ocr_carea' id='block_1_1' title="bbox 877 229 1169 272">
    <p class='ocr_par' dir='ltr' id='par_1_1' title="bbox 877 229 1169 272">
     <span class='ocr_line' id='line_1_1' title="bbox 877 229 1169 272; baseline -0.003 -10"><span class='ocrx_word' id='word_1_1' title='bbox 877 229 1169 272; x_wconf 63' lang='lat'><strong>—70-</strong></span> 
     </span>
    </p>
   </div>
   <div class='ocr_carea' id='block_1_2' title="bbox 228 357 1858 3034">
    <p class='ocr_par' dir='ltr' id='par_1_2' title="bbox 232 357 1858 1485">
     <span class='ocr_line' id='line_1_2' title="bbox 239 357 1841 415; baseline 0.001 -13"><span class='ocrx_word' id='word_1_2' title='bbox 239 363 444 402; x_wconf 88' lang='lat' dir='ltr'>raverunt</span> <span class='ocrx_word' id='word_1_3' title='bbox 491 373 588 401; x_wconf 90' lang='lat' dir='ltr'>eum</span> <span class='ocrx_word' id='word_1_4' title='bbox 625 374 715 402; x_wconf 81' lang='lat' dir='ltr'>sese</span> <span class='ocrx_word' id='word_1_5' title='bbox 747 360 886 415; x_wconf 90' lang='lat' dir='ltr'>ipsum</span> <span class='ocrx_word' id='word_1_6' title='bbox 917 359 1097 401; x_wconf 85' lang='lat' dir='ltr'>vinculis</span> <span class='ocrx_word' id='word_1_7' title='bbox 1129 373 1220 401; x_wconf 89' lang='lat' dir='ltr'>esse</span> <span class='ocrx_word' id='word_1_8' title='bbox 1251 357 1558 411; x_wconf 81' lang='lat' dir='ltr'>liberaturum,</span> <span class='ocrx_word' id='word_1_9' title='bbox 1597 374 1713 403; x_wconf 89' lang='grc'><strong>1111110</strong></span> <span class='ocrx_word' id='word_1_10' title='bbox 1740 361 1807 403; x_wconf 89' lang='grc'><strong>111-</strong></span> <span class='ocrx_word' id='word_1_11' title='bbox 1839 368 1841 370; x_wconf 84' lang='grc'><strong>’</strong></span> 
     </span>
     <span class='ocr_line' id='line_1_3' title="bbox 240 417 1809 474; baseline 0.001 -13"><span class='ocrx_word' id='word_1_12' title='bbox 240 417 456 474; x_wconf 83' lang='lat' dir='ltr'>e&#39;ptissime</span> <span class='ocrx_word' id='word_1_13' title='bbox 479 417 618 461; x_wconf 90' lang='lat' dir='ltr'>relabi</span> <span class='ocrx_word' id='word_1_14' title='bbox 639 419 840 461; x_wconf 88' lang='lat' dir='ltr'>videntur</span> <span class='ocrx_word' id='word_1_15' title='bbox 873 419 927 460; x_wconf 86' lang='lat' dir='ltr'>ad</span> <span class='ocrx_word' id='word_1_16' title='bbox 960 419 1051 474; x_wconf 87' lang='lat' dir='ltr'>ejus</span> <span class='ocrx_word' id='word_1_17' title='bbox 1083 418 1234 474; x_wconf 88' lang='lat' dir='ltr'>culpae</span> <span class='ocrx_word' id='word_1_18' title='bbox 1265 419 1405 460; x_wconf 84' lang='lat' dir='ltr'>initia:</span> <span class='ocrx_word' id='word_1_19' title='bbox 1445 432 1546 461; x_wconf 90' lang='lat' dir='ltr'>nam</span> <span class='ocrx_word' id='word_1_20' title='bbox 1573 423 1748 462; x_wconf 87' lang='lat' dir='ltr'>vertunt</span> <span class='ocrx_word' id='word_1_21' title='bbox 1767 420 1809 463; x_wconf 83' lang='lat' dir='ltr'>ei</span> 
     </span>
     <span class='ocr_line' id='line_1_4' title="bbox 239 477 1808 535; baseline 0.002 -16"><span class='ocrx_word' id='word_1_22' title='bbox 239 478 470 533; x_wconf 90' lang='lat' dir='ltr'>opprobrio</span> <span class='ocrx_word' id='word_1_23' title='bbox 508 478 625 534; x_wconf 91' lang='lat' dir='ltr'>quod</span> <span class='ocrx_word' id='word_1_24' title='bbox 665 478 879 533; x_wconf 83' lang='lat' dir='ltr'>adjuverit</span> <span class='ocrx_word' id='word_1_25' title='bbox 910 477 1116 528; x_wconf 69' lang='lat' dir='ltr'>homines,</span> <span class='ocrx_word' id='word_1_26' title='bbox 1150 492 1176 519; x_wconf 89' lang='lat' dir='ltr'>a</span> <span class='ocrx_word' id='word_1_27' title='bbox 1208 477 1365 533; x_wconf 89' lang='lat' dir='ltr'>quibus</span> <span class='ocrx_word' id='word_1_28' title='bbox 1395 478 1601 521; x_wconf 85' lang='lat' dir='ltr'>auxilium</span> <span class='ocrx_word' id='word_1_29' title='bbox 1634 493 1808 535; x_wconf 81' lang='lat' dir='ltr'>exspec-</span> 
     </span>
     <span class='ocr_line' id='line_1_5' title="bbox 238 537 1809 592; baseline 0.001 -13"><span class='ocrx_word' id='word_1_30' title='bbox 238 541 332 579; x_wconf 88' lang='lat' dir='ltr'>tare</span> <span class='ocrx_word' id='word_1_31' title='bbox 365 538 404 579; x_wconf 91' lang='lat' dir='ltr'>ei</span> <span class='ocrx_word' id='word_1_32' title='bbox 435 551 521 579; x_wconf 90' lang='lat' dir='ltr'>non</span> <span class='ocrx_word' id='word_1_33' title='bbox 553 537 751 580; x_wconf 88' lang='lat' dir='ltr'>licuisset.</span> <span class='ocrx_word' id='word_1_34' title='bbox 816 537 993 579; x_wconf 81' lang='lat' dir='ltr'><strong>Accedit</strong></span> <span class='ocrx_word' id='word_1_35' title='bbox 1025 537 1140 592; x_wconf 90' lang='lat' dir='ltr'>quod</span> <span class='ocrx_word' id='word_1_36' title='bbox 1163 538 1438 592; x_wconf 88' lang='lat' dir='ltr'>opprobrium</span> <span class='ocrx_word' id='word_1_37' title='bbox 1460 542 1524 580; x_wconf 84' lang='lat' dir='ltr'>est</span> <span class='ocrx_word' id='word_1_38' title='bbox 1545 539 1809 581; x_wconf 86' lang='lat' dir='ltr'>contrarium</span> 
     </span>
     <span class='ocr_line' id='line_1_6' title="bbox 237 595 1809 652; baseline 0.001 -14"><span class='ocrx_word' id='word_1_39' title='bbox 237 598 426 638; x_wconf 85' lang='lat' dir='ltr'>moribus</span> <span class='ocrx_word' id='word_1_40' title='bbox 458 597 671 651; x_wconf 84' lang='lat' dir='ltr'>virginum</span> <span class='ocrx_word' id='word_1_41' title='bbox 693 596 1035 652; x_wconf 84' lang='lat' dir='ltr'>Aeschylearum.</span> <span class='ocrx_word' id='word_1_42' title='bbox 1084 595 1196 638; x_wconf 92' lang='lat' dir='ltr'>Nam</span> <span class='ocrx_word' id='word_1_43' title='bbox 1227 598 1302 652; x_wconf 89' lang='lat' dir='ltr'>qui</span> <span class='ocrx_word' id='word_1_44' title='bbox 1334 598 1506 651; x_wconf 86' lang='lat' dir='ltr'>quidem</span> <span class='ocrx_word' id='word_1_45' title='bbox 1538 611 1682 640; x_wconf 88' lang='lat' dir='ltr'>secum</span> <span class='ocrx_word' id='word_1_46' title='bbox 1708 611 1809 640; x_wconf 87' lang='grc'><strong>0011-</strong></span> 
     </span>
     <span class='ocr_line' id='line_1_7' title="bbox 239 656 1810 710; baseline 0.001 -13"><span class='ocrx_word' id='word_1_47' title='bbox 239 656 494 698; x_wconf 89' lang='lat' dir='ltr'>sideraverit</span> <span class='ocrx_word' id='word_1_48' title='bbox 525 671 599 698; x_wconf 87' lang='lat' dir='ltr'>eas</span> <span class='ocrx_word' id='word_1_49' title='bbox 630 670 760 710; x_wconf 85' lang='lat' dir='ltr'>supra</span> <span class='ocrx_word' id='word_1_50' title='bbox 789 657 833 697; x_wconf 91' lang='grc'>111</span> <span class='ocrx_word' id='word_1_51' title='bbox 865 671 931 698; x_wconf 84' lang='lat' dir='ltr'>vv.</span> <span class='ocrx_word' id='word_1_52' title='bbox 957 657 1043 698; x_wconf 81' lang='lat'>250</span> <span class='ocrx_word' id='word_1_53' title='bbox 1075 669 1167 710; x_wconf 88' lang='lat' dir='ltr'>sqq.</span> <span class='ocrx_word' id='word_1_54' title='bbox 1202 660 1351 710; x_wconf 86' lang='lat' dir='ltr'>aperte</span> <span class='ocrx_word' id='word_1_55' title='bbox 1389 657 1568 699; x_wconf 82' lang='lat' dir='ltr'>laudare</span> <span class='ocrx_word' id='word_1_56' title='bbox 1599 657 1810 700; x_wconf 87' lang='lat' dir='ltr'>beneficia</span> 
     </span>
     <span class='ocr_line' id='line_1_8' title="bbox 238 711 1809 771; baseline 0.001 -14"><span class='ocrx_word' id='word_1_57' title='bbox 238 729 264 757; x_wconf 85' lang='lat' dir='ltr'>a</span> <span class='ocrx_word' id='word_1_58' title='bbox 285 715 541 757; x_wconf 90' lang='lat' dir='ltr'>Prometheo</span> <span class='ocrx_word' id='word_1_59' title='bbox 574 717 617 756; x_wconf 90' lang='lat' dir='ltr'>in</span> <span class='ocrx_word' id='word_1_60' title='bbox 639 715 833 758; x_wconf 88' lang='lat' dir='ltr'>homines</span> <span class='ocrx_word' id='word_1_61' title='bbox 855 715 1027 766; x_wconf 75' lang='lat' dir='ltr'>collat-a,</span> <span class='ocrx_word' id='word_1_62' title='bbox 1063 715 1310 771; x_wconf 77' lang='lat' dir='ltr'>opinabitur</span> <span class='ocrx_word' id='word_1_63' title='bbox 1331 729 1402 758; x_wconf 88' lang='lat' dir='ltr'>eas</span> <span class='ocrx_word' id='word_1_64' title='bbox 1423 717 1617 758; x_wconf 88' lang='lat' dir='ltr'>miserari</span> <span class='ocrx_word' id='word_1_65' title='bbox 1637 711 1809 759; x_wconf 78' lang='lat' dir='ltr'>illorum</span> 
     </span>
     <span class='ocr_line' id='line_1_9' title="bbox 238 774 1809 831; baseline 0.001 -14"><span class='ocrx_word' id='word_1_66' title='bbox 238 779 398 817; x_wconf 88' lang='lat' dir='ltr'>statum</span> <span class='ocrx_word' id='word_1_67' title='bbox 430 776 635 816; x_wconf 86' lang='lat' dir='ltr'>miserum</span> <span class='ocrx_word' id='word_1_68' title='bbox 667 775 805 828; x_wconf 89' lang='lat' dir='ltr'>qualis</span> <span class='ocrx_word' id='word_1_69' title='bbox 835 774 968 817; x_wconf 82' lang='lat' dir='ltr'>fuerit</span> <span class='ocrx_word' id='word_1_70' title='bbox 999 779 1099 817; x_wconf 88' lang='lat' dir='ltr'>ante</span> <span class='ocrx_word' id='word_1_71' title='bbox 1131 775 1360 825; x_wconf 75' lang='lat' dir='ltr'>beneficia3</span> <span class='ocrx_word' id='word_1_72' title='bbox 1391 777 1466 818; x_wconf 84' lang='lat' dir='ltr'>sed</span> <span class='ocrx_word' id='word_1_73' title='bbox 1496 776 1596 818; x_wconf 88' lang='lat' dir='ltr'>huic</span> <span class='ocrx_word' id='word_1_74' title='bbox 1616 776 1809 831; x_wconf 89' lang='lat' dir='ltr'>opinioni</span> 
     </span>
     <span class='ocr_line' id='line_1_10' title="bbox 236 833 1858 889; baseline 0.002 -14"><span class='ocrx_word' id='word_1_75' title='bbox 236 847 479 889; x_wconf 87' lang='lat' dir='ltr'>repugnare</span> <span class='ocrx_word' id='word_1_76' title='bbox 525 834 697 876; x_wconf 88' lang='lat' dir='ltr'>videtur</span> <span class='ocrx_word' id='word_1_77' title='bbox 728 834 983 889; x_wconf 86' lang='lat' dir='ltr'>opprobium</span> <span class='ocrx_word' id='word_1_78' title='bbox 1014 834 1245 876; x_wconf 83' lang='lat' dir='ltr'>illiberale:</span> <span class='ocrx_word' id='word_1_79' title='bbox 1288 849 1474 889; x_wconf 89' lang='lat' dir='ltr'>namque</span> <span class='ocrx_word' id='word_1_80' title='bbox 1506 833 1810 878; x_wconf 75' lang='lat' dir='ltr'>Prometheum</span> <span class='ocrx_word' id='word_1_81' title='bbox 1857 835 1858 839; x_wconf 67' lang='grc'>’</span> 
     </span>
     <span class='ocr_line' id='line_1_11' title="bbox 236 893 1809 950; baseline 0.001 -14"><span class='ocrx_word' id='word_1_82' title='bbox 236 894 529 948; x_wconf 85' lang='lat' dir='ltr'>vituperantes</span> <span class='ocrx_word' id='word_1_83' title='bbox 562 893 678 948; x_wconf 90' lang='lat' dir='ltr'>quod</span> <span class='ocrx_word' id='word_1_84' title='bbox 709 893 825 936; x_wconf 89' lang='lat' dir='ltr'>bona</span> <span class='ocrx_word' id='word_1_85' title='bbox 855 894 1006 936; x_wconf 86' lang='lat' dir='ltr'>tulerit</span> <span class='ocrx_word' id='word_1_86' title='bbox 1035 894 1200 936; x_wconf 86' lang='lat' dir='ltr'>miseris</span> <span class='ocrx_word' id='word_1_87' title='bbox 1231 893 1485 945; x_wconf 82' lang='lat' dir='ltr'>hominibus,</span> <span class='ocrx_word' id='word_1_88' title='bbox 1522 898 1701 950; x_wconf 87' lang='lat' dir='ltr'>propter</span> <span class='ocrx_word' id='word_1_89' title='bbox 1729 895 1809 937; x_wconf 87' lang='lat' dir='ltr'>im·-</span> 
     </span>
     <span class='ocr_line' id='line_1_12' title="bbox 235 953 1808 1005; baseline 0.001 -10"><span class='ocrx_word' id='word_1_90' title='bbox 235 953 519 995; x_wconf 88' lang='lat' dir='ltr'>becillitatem</span> <span class='ocrx_word' id='word_1_91' title='bbox 558 954 766 996; x_wconf 87' lang='lat' dir='ltr'>beneficia</span> <span class='ocrx_word' id='word_1_92' title='bbox 801 968 887 995; x_wconf 88' lang='lat' dir='ltr'>non</span> <span class='ocrx_word' id='word_1_93' title='bbox 918 954 1270 1005; x_wconf 79' lang='lat' dir='ltr'>remuneraturis,</span> <span class='ocrx_word' id='word_1_94' title='bbox 1310 967 1458 996; x_wconf 89' lang='lat' dir='ltr'>carere</span> <span class='ocrx_word' id='word_1_95' title='bbox 1490 954 1693 997; x_wconf 87' lang='lat' dir='ltr'>videntur</span> <span class='ocrx_word' id='word_1_96' title='bbox 1722 953 1808 997; x_wconf 83' lang='lat' dir='ltr'>vir-</span> 
     </span>
     <span class='ocr_line' id='line_1_13' title="bbox 237 1013 1806 1069; baseline 0.001 -15"><span class='ocrx_word' id='word_1_97' title='bbox 237 1013 357 1067; x_wconf 89' lang='lat' dir='ltr'>gines</span> <span class='ocrx_word' id='word_1_98' title='bbox 404 1026 507 1067; x_wconf 91' lang='lat' dir='ltr'>erga</span> <span class='ocrx_word' id='word_1_99' title='bbox 554 1027 626 1055; x_wconf 87' lang='lat' dir='ltr'>eos</span> <span class='ocrx_word' id='word_1_100' title='bbox 667 1013 783 1055; x_wconf 89' lang='lat' dir='ltr'>omni</span> <span class='ocrx_word' id='word_1_101' title='bbox 814 1013 1107 1055; x_wconf 80' lang='lat' dir='ltr'>misericordia</span> <span class='ocrx_word' id='word_1_102' title='bbox 1138 1017 1268 1069; x_wconf 89' lang='lat' dir='ltr'>atque</span> <span class='ocrx_word' id='word_1_103' title='bbox 1300 1013 1576 1056; x_wconf 75' lang='lat' dir='ltr'>liberalitate.</span> <span class='ocrx_word' id='word_1_104' title='bbox 1639 1013 1806 1056; x_wconf 87' lang='lat' dir='ltr'>Deinde</span> 
     </span>
     <span class='ocr_line' id='line_1_14' title="bbox 235 1073 1807 1128; baseline 0.001 -14"><span class='ocrx_word' id='word_1_105' title='bbox 235 1076 334 1127; x_wconf 88' lang='lat' dir='ltr'>post</span> <span class='ocrx_word' id='word_1_106' title='bbox 367 1073 663 1126; x_wconf 90' lang='lat' dir='ltr'>antistrophae</span> <span class='ocrx_word' id='word_1_107' title='bbox 694 1087 866 1115; x_wconf 88' lang='lat' dir='ltr'>versum</span> <span class='ocrx_word' id='word_1_108' title='bbox 898 1074 1097 1127; x_wconf 85' lang='lat' dir='ltr'>priorem,</span> <span class='ocrx_word' id='word_1_109' title='bbox 1132 1087 1217 1126; x_wconf 91' lang='lat' dir='ltr'>quo</span> <span class='ocrx_word' id='word_1_110' title='bbox 1250 1087 1464 1114; x_wconf 88' lang='lat' dir='ltr'>summum</span> <span class='ocrx_word' id='word_1_111' title='bbox 1495 1074 1649 1116; x_wconf 88' lang='lat' dir='ltr'>cantici</span> <span class='ocrx_word' id='word_1_112' title='bbox 1678 1087 1807 1128; x_wconf 86' lang='lat' dir='ltr'>argu-</span> 
     </span>
     <span class='ocr_line' id='line_1_15' title="bbox 235 1131 1806 1187; baseline 0.001 -14"><span class='ocrx_word' id='word_1_113' title='bbox 235 1135 428 1174; x_wconf 80' lang='lat' dir='ltr'>mentum</span> <span class='ocrx_word' id='word_1_114' title='bbox 460 1131 727 1174; x_wconf 83' lang='lat' dir='ltr'>concluditur</span> <span class='ocrx_word' id='word_1_115' title='bbox 759 1136 803 1175; x_wconf 92' lang='lat' dir='ltr'>et</span> <span class='ocrx_word' id='word_1_116' title='bbox 834 1133 1023 1175; x_wconf 86' lang='lat' dir='ltr'>breviter</span> <span class='ocrx_word' id='word_1_117' title='bbox 1054 1132 1234 1174; x_wconf 86' lang='lat' dir='ltr'>effertur</span> <span class='ocrx_word' id='word_1_118' title='bbox 1254 1132 1334 1174; x_wconf 91' lang='lat' dir='ltr'>hoc</span> <span class='ocrx_word' id='word_1_119' title='bbox 1354 1132 1447 1187; x_wconf 86' lang='lat' dir='ltr'>ejus</span> <span class='ocrx_word' id='word_1_120' title='bbox 1470 1145 1683 1174; x_wconf 81' lang='lat' dir='ltr'>summum</span> <span class='ocrx_word' id='word_1_121' title='bbox 1705 1146 1806 1175; x_wconf 89' lang='lat' dir='ltr'>oon-</span> 
     </span>
     <span class='ocr_line' id='line_1_16' title="bbox 236 1190 1807 1247; baseline 0.001 -14"><span class='ocrx_word' id='word_1_122' title='bbox 236 1191 378 1233; x_wconf 87' lang='lat' dir='ltr'>silium</span> <span class='ocrx_word' id='word_1_123' title='bbox 410 1194 460 1234; x_wconf 91' lang='lat' dir='ltr'>ut</span> <span class='ocrx_word' id='word_1_124' title='bbox 491 1192 635 1234; x_wconf 84' lang='lat' dir='ltr'>dicant</span> <span class='ocrx_word' id='word_1_125' title='bbox 665 1193 854 1246; x_wconf 88' lang='lat' dir='ltr'>virgines</span> <span class='ocrx_word' id='word_1_126' title='bbox 887 1205 1100 1246; x_wconf 85' lang='lat' dir='ltr'>quaenam</span> <span class='ocrx_word' id='word_1_127' title='bbox 1133 1190 1215 1234; x_wconf 88' lang='lat' dir='ltr'>sibi</span> <span class='ocrx_word' id='word_1_128' title='bbox 1248 1192 1511 1247; x_wconf 84' lang='lat' dir='ltr'>sumpserint</span> <span class='ocrx_word' id='word_1_129' title='bbox 1541 1206 1594 1235; x_wconf 83' lang='lat' dir='ltr'>ex</span> <span class='ocrx_word' id='word_1_130' title='bbox 1625 1191 1807 1234; x_wconf 79' lang='lat' dir='ltr'>alterius</span> 
     </span>
     <span class='ocr_line' id='line_1_17' title="bbox 233 1251 1854 1306; baseline 0.001 -13"><span class='ocrx_word' id='word_1_131' title='bbox 233 1251 362 1293; x_wconf 88' lang='lat' dir='ltr'>rebus</span> <span class='ocrx_word' id='word_1_132' title='bbox 393 1251 597 1302; x_wconf 88' lang='lat' dir='ltr'>adversis,</span> <span class='ocrx_word' id='word_1_133' title='bbox 631 1251 801 1293; x_wconf 91' lang='lat' dir='ltr'>addunt</span> <span class='ocrx_word' id='word_1_134' title='bbox 831 1265 907 1294; x_wconf 88' lang='lat' dir='ltr'>eae</span> <span class='ocrx_word' id='word_1_135' title='bbox 939 1254 1103 1306; x_wconf 86' lang='lat' dir='ltr'>quanto</span> <span class='ocrx_word' id='word_1_136' title='bbox 1134 1252 1297 1294; x_wconf 89' lang='lat' dir='ltr'>distent</span> <span class='ocrx_word' id='word_1_137' title='bbox 1325 1251 1433 1293; x_wconf 90' lang='lat' dir='ltr'>haec</span> <span class='ocrx_word' id='word_1_138' title='bbox 1458 1265 1539 1294; x_wconf 84' lang='lat' dir='ltr'>sua</span> <span class='ocrx_word' id='word_1_139' title='bbox 1564 1252 1732 1294; x_wconf 85' lang='lat' dir='ltr'>cantica</span> <span class='ocrx_word' id='word_1_140' title='bbox 1751 1252 1807 1294; x_wconf 87' lang='lat' dir='ltr'>ab</span> <span class='ocrx_word' id='word_1_141' title='bbox 1850 1266 1854 1269; x_wconf 91' lang='grc'><strong><em>·</em></strong></span> 
     </span>
     <span class='ocr_line' id='line_1_18' title="bbox 232 1311 1805 1364; baseline 0.001 -12"><span class='ocrx_word' id='word_1_142' title='bbox 232 1311 470 1364; x_wconf 85' lang='lat' dir='ltr'>hymenaeo</span> <span class='ocrx_word' id='word_1_143' title='bbox 516 1314 610 1352; x_wconf 89' lang='lat' dir='ltr'>tum</span> <span class='ocrx_word' id='word_1_144' title='bbox 648 1315 821 1353; x_wconf 85' lang='lat' dir='ltr'>cantato</span> <span class='ocrx_word' id='word_1_145' title='bbox 858 1326 954 1353; x_wconf 90' lang='lat' dir='ltr'>cum</span> <span class='ocrx_word' id='word_1_146' title='bbox 985 1311 1269 1353; x_wconf 89' lang='lat' dir='ltr'>Prometheus</span> <span class='ocrx_word' id='word_1_147' title='bbox 1300 1311 1529 1354; x_wconf 87' lang='lat' dir='ltr'>deduxerit</span> <span class='ocrx_word' id='word_1_148' title='bbox 1558 1311 1805 1354; x_wconf 84' lang='lat' dir='ltr'>Hesionam.</span> 
     </span>
     <span class='ocr_line' id='line_1_19' title="bbox 233 1370 1806 1426; baseline 0 -14"><span class='ocrx_word' id='word_1_149' title='bbox 233 1370 352 1421; x_wconf 81' lang='lat' dir='ltr'>Quae</span> <span class='ocrx_word' id='word_1_150' title='bbox 400 1371 662 1426; x_wconf 79' lang='lat' dir='ltr'>comparatio</span> <span class='ocrx_word' id='word_1_151' title='bbox 708 1371 824 1413; x_wconf 88' lang='lat' dir='ltr'>haud</span> <span class='ocrx_word' id='word_1_152' title='bbox 867 1372 951 1412; x_wconf 87' lang='lat' dir='ltr'>scio</span> <span class='ocrx_word' id='word_1_153' title='bbox 998 1385 1053 1412; x_wconf 90' lang='lat' dir='ltr'>an</span> <span class='ocrx_word' id='word_1_154' title='bbox 1100 1372 1155 1412; x_wconf 86' lang='lat' dir='ltr'>sit</span> <span class='ocrx_word' id='word_1_155' title='bbox 1185 1371 1362 1425; x_wconf 87' lang='lat' dir='ltr'>indigna</span> <span class='ocrx_word' id='word_1_156' title='bbox 1393 1384 1562 1413; x_wconf 90' lang='lat' dir='ltr'>summa</span> <span class='ocrx_word' id='word_1_157' title='bbox 1593 1371 1806 1426; x_wconf 77' lang='lat' dir='ltr'>gravitate</span> 
     </span>
     <span class='ocr_line' id='line_1_20' title="bbox 232 1429 483 1485; baseline 0.004 -14"><span class='ocrx_word' id='word_1_158' title='bbox 232 1429 483 1485; x_wconf 88' lang='lat' dir='ltr'>Aeschylea.</span> 
     </span>
    </p>

    <p class='ocr_par' dir='ltr' id='par_1_3' title="bbox 228 1488 1846 3034">
     <span class='ocr_line' id='line_1_21' title="bbox 352 1488 1807 1533; baseline 0 -2"><span class='ocrx_word' id='word_1_159' title='bbox 352 1490 475 1532; x_wconf 87' lang='lat' dir='ltr'>Idem</span> <span class='ocrx_word' id='word_1_160' title='bbox 520 1489 610 1532; x_wconf 84' lang='lat' dir='ltr'>fere</span> <span class='ocrx_word' id='word_1_161' title='bbox 661 1493 727 1532; x_wconf 87' lang='lat' dir='ltr'>est</span> <span class='ocrx_word' id='word_1_162' title='bbox 774 1490 1107 1532; x_wconf 87' lang='lat' dir='ltr'>existimandum</span> <span class='ocrx_word' id='word_1_163' title='bbox 1146 1491 1198 1533; x_wconf 89' lang='lat' dir='ltr'>de</span> <span class='ocrx_word' id='word_1_164' title='bbox 1230 1491 1395 1532; x_wconf 89' lang='lat' dir='ltr'>cantico</span> <span class='ocrx_word' id='word_1_165' title='bbox 1428 1493 1633 1533; x_wconf 81' lang='lat' dir='ltr'>extremo.</span> <span class='ocrx_word' id='word_1_166' title='bbox 1696 1488 1807 1531; x_wconf 87' lang='lat' dir='ltr'>Nam</span> 
     </span>
     <span class='ocr_line' id='line_1_22' title="bbox 233 1547 1805 1604; baseline 0 -14"><span class='ocrx_word' id='word_1_167' title='bbox 233 1554 456 1604; x_wconf 85' lang='lat' dir='ltr'>exponunt</span> <span class='ocrx_word' id='word_1_168' title='bbox 502 1550 690 1604; x_wconf 87' lang='lat' dir='ltr'>virgines</span> <span class='ocrx_word' id='word_1_169' title='bbox 729 1563 946 1603; x_wconf 83' lang='lat' dir='ltr'>quaenam</span> <span class='ocrx_word' id='word_1_170' title='bbox 986 1550 1212 1592; x_wconf 87' lang='lat' dir='ltr'>didicerint</span> <span class='ocrx_word' id='word_1_171' title='bbox 1244 1563 1296 1592; x_wconf 86' lang='lat' dir='ltr'>ex</span> <span class='ocrx_word' id='word_1_172' title='bbox 1326 1550 1446 1592; x_wconf 85' lang='lat' dir='ltr'>Jovis</span> <span class='ocrx_word' id='word_1_173' title='bbox 1478 1553 1594 1592; x_wconf 90' lang='lat' dir='ltr'>sorte</span> <span class='ocrx_word' id='word_1_174' title='bbox 1625 1547 1805 1599; x_wconf 81' lang='lat' dir='ltr'>infelici3</span> 
     </span>
     <span class='ocr_line' id='line_1_23' title="bbox 232 1608 1806 1664; baseline 0 -14"><span class='ocrx_word' id='word_1_175' title='bbox 232 1608 312 1650; x_wconf 94' lang='lat' dir='ltr'>hoc</span> <span class='ocrx_word' id='word_1_176' title='bbox 342 1624 555 1651; x_wconf 90' lang='lat' dir='ltr'>summum</span> <span class='ocrx_word' id='word_1_177' title='bbox 587 1610 746 1651; x_wconf 88' lang='lat' dir='ltr'>cantici</span> <span class='ocrx_word' id='word_1_178' title='bbox 778 1609 1001 1651; x_wconf 90' lang='lat' dir='ltr'>consilium</span> <span class='ocrx_word' id='word_1_179' title='bbox 1032 1610 1299 1663; x_wconf 84' lang='lat' dir='ltr'>significatur</span> <span class='ocrx_word' id='word_1_180' title='bbox 1329 1613 1479 1664; x_wconf 88' lang='lat' dir='ltr'>aperte</span> <span class='ocrx_word' id='word_1_181' title='bbox 1509 1625 1549 1652; x_wconf 83' lang='lat' dir='ltr'>v.</span> <span class='ocrx_word' id='word_1_182' title='bbox 1574 1609 1673 1651; x_wconf 88' lang='grc'><strong>897.</strong></span> <span class='ocrx_word' id='word_1_183' title='bbox 1723 1608 1806 1651; x_wconf 87' lang='lat' dir='ltr'>Sed</span> 
     </span>
     <span class='ocr_line' id='line_1_24' title="bbox 233 1667 1804 1725; baseline -0.001 -15"><span class='ocrx_word' id='word_1_184' title='bbox 233 1669 447 1722; x_wconf 91' lang='lat' dir='ltr'>quomodo</span> <span class='ocrx_word' id='word_1_185' title='bbox 493 1669 609 1724; x_wconf 89' lang='lat' dir='ltr'>apud</span> <span class='ocrx_word' id='word_1_186' title='bbox 655 1670 798 1724; x_wconf 89' lang='lat' dir='ltr'>ipsum</span> <span class='ocrx_word' id='word_1_187' title='bbox 844 1668 1100 1725; x_wconf 83' lang='lat' dir='ltr'>Aeschylum</span> <span class='ocrx_word' id='word_1_188' title='bbox 1147 1683 1223 1711; x_wconf 93' lang='lat' dir='ltr'>eae</span> <span class='ocrx_word' id='word_1_189' title='bbox 1271 1683 1317 1711; x_wconf 91' lang='lat' dir='ltr'>se</span> <span class='ocrx_word' id='word_1_190' title='bbox 1365 1669 1577 1723; x_wconf 87' lang='lat' dir='ltr'>gesserint</span> <span class='ocrx_word' id='word_1_191' title='bbox 1627 1667 1804 1722; x_wconf 75' lang='lat' dir='ltr'>virginis</span> 
     </span>
     <span class='ocr_line' id='line_1_25' title="bbox 233 1727 1805 1771; baseline 0.001 -2"><span class='ocrx_word' id='word_1_192' title='bbox 233 1727 448 1770; x_wconf 91' lang='lat' dir='ltr'>erroribus</span> <span class='ocrx_word' id='word_1_193' title='bbox 480 1729 637 1771; x_wconf 86' lang='lat' dir='ltr'>auditis</span> <span class='ocrx_word' id='word_1_194' title='bbox 670 1729 775 1770; x_wconf 88' lang='lat' dir='ltr'>satis</span> <span class='ocrx_word' id='word_1_195' title='bbox 808 1729 962 1771; x_wconf 89' lang='lat' dir='ltr'>docent</span> <span class='ocrx_word' id='word_1_196' title='bbox 991 1744 1059 1771; x_wconf 85' lang='lat' dir='ltr'>vv.</span> <span class='ocrx_word' id='word_1_197' title='bbox 1083 1729 1220 1771; x_wconf 86' lang='grc'>686-</span> <span class='ocrx_word' id='word_1_198' title='bbox 1233 1729 1332 1770; x_wconf 83' lang='grc'><strong>692.</strong></span> <span class='ocrx_word' id='word_1_199' title='bbox 1396 1728 1508 1770; x_wconf 91' lang='lat' dir='ltr'>Nam</span> <span class='ocrx_word' id='word_1_200' title='bbox 1539 1731 1640 1770; x_wconf 90' lang='lat' dir='ltr'>utut</span> <span class='ocrx_word' id='word_1_201' title='bbox 1661 1741 1805 1770; x_wconf 89' lang='lat' dir='ltr'>emen-</span> 
     </span>
     <span class='ocr_line' id='line_1_26' title="bbox 233 1785 1805 1844; baseline -0.001 -15"><span class='ocrx_word' id='word_1_202' title='bbox 233 1788 426 1830; x_wconf 89' lang='lat' dir='ltr'>dabimus</span> <span class='ocrx_word' id='word_1_203' title='bbox 456 1788 662 1831; x_wconf 87' lang='lat' dir='ltr'>lectiones</span> <span class='ocrx_word' id='word_1_204' title='bbox 694 1789 967 1844; x_wconf 60' lang='lat' dir='ltr'>depravatam,</span> <span class='ocrx_word' id='word_1_205' title='bbox 1002 1792 1104 1830; x_wconf 86' lang='lat' dir='ltr'>sunt</span> <span class='ocrx_word' id='word_1_206' title='bbox 1135 1802 1280 1831; x_wconf 84' lang='lat' dir='ltr'>versus</span> <span class='ocrx_word' id='word_1_207' title='bbox 1309 1802 1411 1831; x_wconf 84' lang='lat' dir='ltr'>vere</span> <span class='ocrx_word' id='word_1_208' title='bbox 1433 1787 1670 1842; x_wconf 75' lang='lat' dir='ltr'>Aeschylei.</span> <span class='ocrx_word' id='word_1_209' title='bbox 1710 1785 1805 1829; x_wconf 89' lang='lat' dir='ltr'>Pri-</span> 
     </span>
     <span class='ocr_line' id='line_1_27' title="bbox 232 1846 1805 1901; baseline 0.001 -13"><span class='ocrx_word' id='word_1_210' title='bbox 232 1862 349 1889; x_wconf 87' lang='lat' dir='ltr'>mum</span> <span class='ocrx_word' id='word_1_211' title='bbox 380 1849 614 1890; x_wconf 86' lang='lat' dir='ltr'>arctissime</span> <span class='ocrx_word' id='word_1_212' title='bbox 647 1848 878 1890; x_wconf 89' lang='lat' dir='ltr'>cohaerent</span> <span class='ocrx_word' id='word_1_213' title='bbox 909 1862 1007 1890; x_wconf 91' lang='lat' dir='ltr'>cum</span> <span class='ocrx_word' id='word_1_214' title='bbox 1039 1848 1390 1890; x_wconf 87' lang='lat' dir='ltr'>antecedentibus</span> <span class='ocrx_word' id='word_1_215' title='bbox 1422 1851 1467 1889; x_wconf 92' lang='lat' dir='ltr'>et</span> <span class='ocrx_word' id='word_1_216' title='bbox 1502 1846 1805 1901; x_wconf 88' lang='lat' dir='ltr'>subsequenti-</span> 
     </span>
     <span class='ocr_line' id='line_1_28' title="bbox 230 1907 1804 1962; baseline 0 -13"><span class='ocrx_word' id='word_1_217' title='bbox 230 1907 328 1949; x_wconf 85' lang='lat' dir='ltr'>bus:</span> <span class='ocrx_word' id='word_1_218' title='bbox 364 1908 610 1962; x_wconf 84' lang='lat' dir='ltr'>exprimunt</span> <span class='ocrx_word' id='word_1_219' title='bbox 640 1909 826 1962; x_wconf 82' lang='lat' dir='ltr'>virgines</span> <span class='ocrx_word' id='word_1_220' title='bbox 858 1907 1191 1949; x_wconf 85' lang='lat' dir='ltr'>admirationem</span> <span class='ocrx_word' id='word_1_221' title='bbox 1218 1911 1262 1949; x_wconf 90' lang='lat' dir='ltr'>et</span> <span class='ocrx_word' id='word_1_222' title='bbox 1283 1921 1526 1950; x_wconf 88' lang='lat' dir='ltr'>maerorem</span> <span class='ocrx_word' id='word_1_223' title='bbox 1547 1908 1599 1949; x_wconf 89' lang='lat' dir='ltr'>de</span> <span class='ocrx_word' id='word_1_224' title='bbox 1621 1907 1671 1947; x_wconf 90' lang='lat' dir='ltr'>iis</span> <span class='ocrx_word' id='word_1_225' title='bbox 1693 1920 1804 1960; x_wconf 87' lang='lat' dir='ltr'>quae</span> 
     </span>
     <span class='ocr_line' id='line_1_29' title="bbox 232 1966 1803 2022; baseline 0 -15"><span class='ocrx_word' id='word_1_226' title='bbox 232 1966 359 2008; x_wconf 88' lang='lat' dir='ltr'>modo</span> <span class='ocrx_word' id='word_1_227' title='bbox 398 1967 491 2021; x_wconf 90' lang='lat' dir='ltr'>ipsa</span> <span class='ocrx_word' id='word_1_228' title='bbox 521 1967 574 2009; x_wconf 85' lang='lat' dir='ltr'>Jo</span> <span class='ocrx_word' id='word_1_229' title='bbox 606 1968 798 2010; x_wconf 85' lang='lat' dir='ltr'>narravit</span> <span class='ocrx_word' id='word_1_230' title='bbox 829 1968 881 2009; x_wconf 89' lang='lat' dir='ltr'>de</span> <span class='ocrx_word' id='word_1_231' title='bbox 914 1981 992 2008; x_wconf 86' lang='lat' dir='ltr'>sua</span> <span class='ocrx_word' id='word_1_232' title='bbox 1023 1981 1161 2021; x_wconf 90' lang='lat' dir='ltr'>usque</span> <span class='ocrx_word' id='word_1_233' title='bbox 1193 1968 1247 2009; x_wconf 89' lang='lat' dir='ltr'>ad</span> <span class='ocrx_word' id='word_1_234' title='bbox 1278 1967 1324 2008; x_wconf 88' lang='lat' dir='ltr'>id</span> <span class='ocrx_word' id='word_1_235' title='bbox 1355 1967 1561 2022; x_wconf 83' lang='lat' dir='ltr'>temporis</span> <span class='ocrx_word' id='word_1_236' title='bbox 1591 1969 1705 2008; x_wconf 85' lang='lat' dir='ltr'>sorte</span> <span class='ocrx_word' id='word_1_237' title='bbox 1736 1967 1803 2008; x_wconf 92' lang='lat' dir='ltr'>in-</span> 
     </span>
     <span class='ocr_line' id='line_1_30' title="bbox 231 2025 1804 2076; baseline 0.001 -10"><span class='ocrx_word' id='word_1_238' title='bbox 231 2025 366 2076; x_wconf 83' lang='lat' dir='ltr'>felici3</span> <span class='ocrx_word' id='word_1_239' title='bbox 400 2030 444 2068; x_wconf 88' lang='lat' dir='ltr'>et</span> <span class='ocrx_word' id='word_1_240' title='bbox 475 2028 667 2069; x_wconf 89' lang='lat' dir='ltr'>adnectit</span> <span class='ocrx_word' id='word_1_241' title='bbox 697 2028 751 2069; x_wconf 89' lang='lat' dir='ltr'>ad</span> <span class='ocrx_word' id='word_1_242' title='bbox 781 2026 915 2069; x_wconf 86' lang='lat' dir='ltr'>verba</span> <span class='ocrx_word' id='word_1_243' title='bbox 946 2041 1095 2069; x_wconf 88' lang='lat' dir='ltr'>earum</span> <span class='ocrx_word' id='word_1_244' title='bbox 1116 2040 1240 2068; x_wconf 88' lang='lat' dir='ltr'>suam</span> <span class='ocrx_word' id='word_1_245' title='bbox 1261 2027 1500 2068; x_wconf 87' lang='lat' dir='ltr'>orationem</span> <span class='ocrx_word' id='word_1_246' title='bbox 1520 2025 1804 2068; x_wconf 85' lang='lat' dir='ltr'>Prometheus</span> 
     </span>
     <span class='ocr_line' id='line_1_31' title="bbox 232 2086 1840 2141; baseline 0 -14"><span class='ocrx_word' id='word_1_247' title='bbox 232 2100 329 2127; x_wconf 91' lang='lat' dir='ltr'>cum</span> <span class='ocrx_word' id='word_1_248' title='bbox 369 2099 441 2128; x_wconf 87' lang='lat' dir='ltr'>eas</span> <span class='ocrx_word' id='word_1_249' title='bbox 479 2087 606 2128; x_wconf 87' lang='lat' dir='ltr'>nimis</span> <span class='ocrx_word' id='word_1_250' title='bbox 637 2087 788 2128; x_wconf 85' lang='lat' dir='ltr'>mirari</span> <span class='ocrx_word' id='word_1_251' title='bbox 819 2089 949 2138; x_wconf 82' lang='lat' dir='ltr'>vetet,</span> <span class='ocrx_word' id='word_1_252' title='bbox 989 2087 1244 2141; x_wconf 86' lang='lat' dir='ltr'>priusquam</span> <span class='ocrx_word' id='word_1_253' title='bbox 1277 2086 1520 2128; x_wconf 83' lang='lat' dir='ltr'>audiverint</span> <span class='ocrx_word' id='word_1_254' title='bbox 1550 2088 1698 2128; x_wconf 88' lang='lat' dir='ltr'>cetera</span> <span class='ocrx_word' id='word_1_255' title='bbox 1726 2099 1803 2140; x_wconf 88' lang='lat' dir='ltr'>pe·</span> <span class='ocrx_word' id='word_1_256' title='bbox 1835 2134 1840 2140; x_wconf 33' lang='lat'><em>-</em></span> 
     </span>
     <span class='ocr_line' id='line_1_32' title="bbox 231 2145 1802 2201; baseline 0 -15"><span class='ocrx_word' id='word_1_257' title='bbox 231 2145 368 2187; x_wconf 91' lang='lat' dir='ltr'>ricula</span> <span class='ocrx_word' id='word_1_258' title='bbox 398 2145 461 2187; x_wconf 88' lang='lat' dir='ltr'>illi</span> <span class='ocrx_word' id='word_1_259' title='bbox 491 2147 772 2188; x_wconf 88' lang='lat' dir='ltr'>imminentia.</span> <span class='ocrx_word' id='word_1_260' title='bbox 835 2146 1000 2188; x_wconf 86' lang='lat' dir='ltr'>Deinde</span> <span class='ocrx_word' id='word_1_261' title='bbox 1048 2160 1124 2188; x_wconf 91' lang='lat' dir='ltr'>eae</span> <span class='ocrx_word' id='word_1_262' title='bbox 1164 2146 1245 2188; x_wconf 89' lang='lat' dir='ltr'>sibi</span> <span class='ocrx_word' id='word_1_263' title='bbox 1274 2146 1394 2201; x_wconf 90' lang='lat' dir='ltr'>ipsae</span> <span class='ocrx_word' id='word_1_264' title='bbox 1426 2159 1511 2187; x_wconf 91' lang='lat' dir='ltr'>non</span> <span class='ocrx_word' id='word_1_265' title='bbox 1543 2148 1720 2186; x_wconf 89' lang='lat' dir='ltr'>sumunt</span> <span class='ocrx_word' id='word_1_266' title='bbox 1749 2159 1802 2187; x_wconf 84' lang='lat' dir='ltr'>ex</span> 
     </span>
     <span class='ocr_line' id='line_1_33' title="bbox 232 2203 1803 2260; baseline 0 -14"><span class='ocrx_word' id='word_1_267' title='bbox 232 2208 348 2247; x_wconf 85' lang='lat' dir='ltr'>sorte</span> <span class='ocrx_word' id='word_1_268' title='bbox 394 2205 510 2247; x_wconf 88' lang='lat' dir='ltr'>Ionis</span> <span class='ocrx_word' id='word_1_269' title='bbox 547 2220 722 2248; x_wconf 85' lang='lat' dir='ltr'>normas</span> <span class='ocrx_word' id='word_1_270' title='bbox 754 2205 939 2256; x_wconf 80' lang='lat' dir='ltr'>vivendi,</span> <span class='ocrx_word' id='word_1_271' title='bbox 972 2206 1063 2248; x_wconf 49' lang='lat' dir='ltr'>*sed</span> <span class='ocrx_word' id='word_1_272' title='bbox 1110 2206 1284 2248; x_wconf 87' lang='lat' dir='ltr'>edicunt</span> <span class='ocrx_word' id='word_1_273' title='bbox 1322 2219 1374 2247; x_wconf 84' lang='lat' dir='ltr'>ex</span> <span class='ocrx_word' id='word_1_274' title='bbox 1412 2219 1529 2247; x_wconf 88' lang='lat' dir='ltr'>more</span> <span class='ocrx_word' id='word_1_275' title='bbox 1568 2203 1803 2260; x_wconf 84' lang='lat' dir='ltr'>Aeschyleo</span> 
     </span>
     <span class='ocr_line' id='line_1_34' title="bbox 232 2264 1803 2320; baseline -0.001 -14"><span class='ocrx_word' id='word_1_276' title='bbox 232 2268 500 2320; x_wconf 87' lang='lat' dir='ltr'>quantopore</span> <span class='ocrx_word' id='word_1_277' title='bbox 534 2279 586 2308; x_wconf 90' lang='lat' dir='ltr'>ea</span> <span class='ocrx_word' id='word_1_278' title='bbox 618 2270 982 2308; x_wconf 87' lang='lat' dir='ltr'>commoveantur.</span> <span class='ocrx_word' id='word_1_279' title='bbox 1045 2265 1171 2307; x_wconf 88' lang='lat' dir='ltr'>Hanc</span> <span class='ocrx_word' id='word_1_280' title='bbox 1202 2268 1348 2307; x_wconf 88' lang='lat' dir='ltr'>autem</span> <span class='ocrx_word' id='word_1_281' title='bbox 1369 2264 1696 2306; x_wconf 88' lang='lat' dir='ltr'>commotionem</span> <span class='ocrx_word' id='word_1_282' title='bbox 1717 2278 1803 2306; x_wconf 90' lang='lat' dir='ltr'>non</span> 
     </span>
     <span class='ocr_line' id='line_1_35' title="bbox 231 2324 1846 2380; baseline -0.001 -14"><span class='ocrx_word' id='word_1_283' title='bbox 231 2326 357 2367; x_wconf 92' lang='lat' dir='ltr'>modo</span> <span class='ocrx_word' id='word_1_284' title='bbox 404 2339 552 2367; x_wconf 87' lang='lat' dir='ltr'>versus</span> <span class='ocrx_word' id='word_1_285' title='bbox 600 2325 837 2368; x_wconf 88' lang='lat' dir='ltr'>dochmiaci</span> <span class='ocrx_word' id='word_1_286' title='bbox 882 2325 1073 2367; x_wconf 89' lang='lat' dir='ltr'>reddunt</span> <span class='ocrx_word' id='word_1_287' title='bbox 1104 2325 1276 2380; x_wconf 89' lang='lat' dir='ltr'>optime,</span> <span class='ocrx_word' id='word_1_288' title='bbox 1317 2324 1395 2366; x_wconf 89' lang='lat' dir='ltr'>sed</span> <span class='ocrx_word' id='word_1_289' title='bbox 1426 2324 1641 2378; x_wconf 86' lang='lat' dir='ltr'>significat</span> <span class='ocrx_word' id='word_1_290' title='bbox 1671 2324 1804 2366; x_wconf 85' lang='lat' dir='ltr'>etiam</span> <span class='ocrx_word' id='word_1_291' title='bbox 1837 2328 1846 2336; x_wconf 88' lang='lat'>&#39;</span> 
     </span>
     <span class='ocr_line' id='line_1_36' title="bbox 233 2383 1818 2439; baseline -0.001 -14"><span class='ocrx_word' id='word_1_292' title='bbox 233 2397 366 2437; x_wconf 88' lang='lat' dir='ltr'>genus</span> <span class='ocrx_word' id='word_1_293' title='bbox 413 2385 595 2436; x_wconf 82' lang='lat' dir='ltr'>dicendi,</span> <span class='ocrx_word' id='word_1_294' title='bbox 646 2399 698 2427; x_wconf 90' lang='lat' dir='ltr'>ex</span> <span class='ocrx_word' id='word_1_295' title='bbox 746 2399 831 2439; x_wconf 89' lang='lat' dir='ltr'>quo</span> <span class='ocrx_word' id='word_1_296' title='bbox 869 2399 966 2427; x_wconf 88' lang='lat' dir='ltr'>cum</span> <span class='ocrx_word' id='word_1_297' title='bbox 998 2384 1083 2426; x_wconf 88' lang='lat' dir='ltr'>alia</span> <span class='ocrx_word' id='word_1_298' title='bbox 1113 2389 1205 2426; x_wconf 90' lang='lat' dir='ltr'>tum</span> <span class='ocrx_word' id='word_1_299' title='bbox 1237 2384 1469 2426; x_wconf 89' lang='lat' dir='ltr'>eorundem</span> <span class='ocrx_word' id='word_1_300' title='bbox 1500 2383 1569 2425; x_wconf 87' lang='lat' dir='ltr'>vel</span> <span class='ocrx_word' id='word_1_301' title='bbox 1600 2383 1818 2425; x_wconf 69' lang='lat' dir='ltr'>similium⁴</span> 
     </span>
     <span class='ocr_line' id='line_1_37' title="bbox 230 2442 1802 2500; baseline -0.001 -15"><span class='ocrx_word' id='word_1_302' title='bbox 230 2442 538 2486; x_wconf 89' lang='lat' dir='ltr'>vocabulorum</span> <span class='ocrx_word' id='word_1_303' title='bbox 583 2444 859 2486; x_wconf 86' lang='lat' dir='ltr'>iterationem</span> <span class='ocrx_word' id='word_1_304' title='bbox 905 2444 1101 2500; x_wconf 88' lang='lat' dir='ltr'>Aeschyli</span> <span class='ocrx_word' id='word_1_305' title='bbox 1151 2445 1332 2499; x_wconf 87' lang='lat' dir='ltr'>prodere</span> <span class='ocrx_word' id='word_1_306' title='bbox 1383 2443 1603 2497; x_wconf 86' lang='lat' dir='ltr'>ingenium</span> <span class='ocrx_word' id='word_1_307' title='bbox 1653 2455 1802 2485; x_wconf 87' lang='lat' dir='ltr'>conce-</span> 
     </span>
     <span class='ocr_line' id='line_1_38' title="bbox 232 2503 1804 2559; baseline -0.001 -14"><span class='ocrx_word' id='word_1_308' title='bbox 232 2503 332 2546; x_wconf 87' lang='lat' dir='ltr'>dere</span> <span class='ocrx_word' id='word_1_309' title='bbox 383 2518 469 2546; x_wconf 90' lang='lat' dir='ltr'>non</span> <span class='ocrx_word' id='word_1_310' title='bbox 522 2503 751 2554; x_wconf 80' lang='lat' dir='ltr'>dubitabit,</span> <span class='ocrx_word' id='word_1_311' title='bbox 808 2504 1052 2558; x_wconf 89' lang='lat' dir='ltr'>quicunque</span> <span class='ocrx_word' id='word_1_312' title='bbox 1102 2503 1230 2559; x_wconf 86' lang='lat' dir='ltr'>hujus</span> <span class='ocrx_word' id='word_1_313' title='bbox 1279 2506 1437 2558; x_wconf 89' lang='lat' dir='ltr'>poetae</span> <span class='ocrx_word' id='word_1_314' title='bbox 1483 2503 1689 2544; x_wconf 83' lang='lat' dir='ltr'>orationis</span> <span class='ocrx_word' id='word_1_315' title='bbox 1736 2505 1804 2545; x_wconf 86' lang='lat' dir='ltr'>est</span> 
     </span>
     <span class='ocr_line' id='line_1_39' title="bbox 229 2562 1804 2618; baseline -0.001 -14"><span class='ocrx_word' id='word_1_316' title='bbox 229 2564 405 2618; x_wconf 80' lang='lat' dir='ltr'>peritus.</span> <span class='ocrx_word' id='word_1_317' title='bbox 470 2564 554 2606; x_wconf 81' lang='lat' dir='ltr'>Sed</span> <span class='ocrx_word' id='word_1_318' title='bbox 598 2565 644 2605; x_wconf 90' lang='lat' dir='ltr'>in</span> <span class='ocrx_word' id='word_1_319' title='bbox 701 2564 866 2606; x_wconf 88' lang='lat' dir='ltr'>cantico</span> <span class='ocrx_word' id='word_1_320' title='bbox 920 2567 1112 2606; x_wconf 87' lang='lat' dir='ltr'>extremo</span> <span class='ocrx_word' id='word_1_321' title='bbox 1156 2566 1339 2604; x_wconf 83' lang='lat' dir='ltr'>utuntur</span> <span class='ocrx_word' id='word_1_322' title='bbox 1384 2562 1570 2616; x_wconf 87' lang='lat' dir='ltr'>virgines</span> <span class='ocrx_word' id='word_1_323' title='bbox 1615 2562 1804 2604; x_wconf 88' lang='lat' dir='ltr'>numeris</span> 
     </span>
     <span class='ocr_line' id='line_1_40' title="bbox 231 2622 1803 2679; baseline -0.001 -15"><span class='ocrx_word' id='word_1_324' title='bbox 231 2626 363 2676; x_wconf 87' lang='lat' dir='ltr'>atque</span> <span class='ocrx_word' id='word_1_325' title='bbox 415 2624 608 2665; x_wconf 89' lang='lat' dir='ltr'>oratione</span> <span class='ocrx_word' id='word_1_326' title='bbox 653 2623 944 2678; x_wconf 86' lang='lat' dir='ltr'>placidissime</span> <span class='ocrx_word' id='word_1_327' title='bbox 995 2622 1307 2679; x_wconf 89' lang='lat' dir='ltr'>profluentibus</span> <span class='ocrx_word' id='word_1_328' title='bbox 1359 2626 1402 2664; x_wconf 92' lang='lat' dir='ltr'>et</span> <span class='ocrx_word' id='word_1_329' title='bbox 1461 2635 1572 2676; x_wconf 90' lang='lat' dir='ltr'>quae</span> <span class='ocrx_word' id='word_1_330' title='bbox 1613 2635 1704 2664; x_wconf 84' lang='lat' dir='ltr'>sese</span> <span class='ocrx_word' id='word_1_331' title='bbox 1750 2635 1803 2663; x_wconf 82' lang='lat' dir='ltr'>ex</span> 
     </span>
     <span class='ocr_line' id='line_1_41' title="bbox 228 2681 1802 2738; baseline -0.001 -15"><span class='ocrx_word' id='word_1_332' title='bbox 228 2682 255 2723; x_wconf 83' lang='lat' dir='ltr'>J</span> <span class='ocrx_word' id='word_1_333' title='bbox 258 2683 349 2724; x_wconf 89' lang='lat' dir='ltr'>onis</span> <span class='ocrx_word' id='word_1_334' title='bbox 395 2682 582 2724; x_wconf 90' lang='lat' dir='ltr'>sortibus</span> <span class='ocrx_word' id='word_1_335' title='bbox 629 2682 827 2725; x_wconf 88' lang='lat' dir='ltr'>didicisse</span> <span class='ocrx_word' id='word_1_336' title='bbox 875 2686 1096 2738; x_wconf 88' lang='lat' dir='ltr'>exponunt</span> <span class='ocrx_word' id='word_1_337' title='bbox 1140 2686 1233 2725; x_wconf 89' lang='lat' dir='ltr'>tam</span> <span class='ocrx_word' id='word_1_338' title='bbox 1274 2682 1425 2737; x_wconf 84' lang='lat' dir='ltr'>jejuna</span> <span class='ocrx_word' id='word_1_339' title='bbox 1468 2684 1570 2723; x_wconf 85' lang='lat' dir='ltr'>sunt</span> <span class='ocrx_word' id='word_1_340' title='bbox 1602 2684 1652 2723; x_wconf 93' lang='lat' dir='ltr'>ut</span> <span class='ocrx_word' id='word_1_341' title='bbox 1684 2681 1802 2736; x_wconf 87' lang='lat' dir='ltr'>prio—</span> 
     </span>
     <span class='ocr_line' id='line_1_42' title="bbox 231 2740 1801 2798; baseline 0.001 -16"><span class='ocrx_word' id='word_1_342' title='bbox 231 2755 323 2783; x_wconf 87' lang='lat' dir='ltr'>rem</span> <span class='ocrx_word' id='word_1_343' title='bbox 355 2755 529 2784; x_wconf 88' lang='lat' dir='ltr'>scenam</span> <span class='ocrx_word' id='word_1_344' title='bbox 563 2742 768 2796; x_wconf 86' lang='lat' dir='ltr'>grandem</span> <span class='ocrx_word' id='word_1_345' title='bbox 802 2743 1156 2798; x_wconf 88' lang='lat' dir='ltr'>praeclaramque</span> <span class='ocrx_word' id='word_1_346' title='bbox 1193 2742 1333 2783; x_wconf 91' lang='lat' dir='ltr'>minus</span> <span class='ocrx_word' id='word_1_347' title='bbox 1371 2744 1472 2796; x_wconf 88' lang='lat' dir='ltr'>apte</span> <span class='ocrx_word' id='word_1_348' title='bbox 1512 2741 1709 2796; x_wconf 86' lang='lat' dir='ltr'>excipere</span> <span class='ocrx_word' id='word_1_349' title='bbox 1738 2740 1801 2783; x_wconf 83' lang='lat' dir='ltr'>vi-</span> 
     </span>
     <span class='ocr_line' id='line_1_43' title="bbox 231 2800 1801 2857; baseline -0.001 -15"><span class='ocrx_word' id='word_1_350' title='bbox 231 2802 428 2842; x_wconf 88' lang='lat' dir='ltr'>deantur.</span> <span class='ocrx_word' id='word_1_351' title='bbox 490 2801 691 2856; x_wconf 88' lang='lat' dir='ltr'>Namque</span> <span class='ocrx_word' id='word_1_352' title='bbox 737 2802 991 2857; x_wconf 88' lang='lat' dir='ltr'>praedicant</span> <span class='ocrx_word' id='word_1_353' title='bbox 1036 2803 1175 2844; x_wconf 86' lang='lat' dir='ltr'>virum</span> <span class='ocrx_word' id='word_1_354' title='bbox 1220 2801 1470 2856; x_wconf 78' lang='lat' dir='ltr'>sapientem,</span> <span class='ocrx_word' id='word_1_355' title='bbox 1518 2801 1593 2855; x_wconf 90' lang='lat' dir='ltr'>qui</span> <span class='ocrx_word' id='word_1_356' title='bbox 1637 2800 1801 2855; x_wconf 88' lang='lat' dir='ltr'>primus</span> 
     </span>
     <span class='ocr_line' id='line_1_44' title="bbox 230 2860 1801 2915; baseline -0.001 -14"><span class='ocrx_word' id='word_1_357' title='bbox 230 2861 501 2915; x_wconf 87' lang='lat' dir='ltr'>praeceperit</span> <span class='ocrx_word' id='word_1_358' title='bbox 531 2864 581 2902; x_wconf 91' lang='lat' dir='ltr'>ut</span> <span class='ocrx_word' id='word_1_359' title='bbox 614 2862 933 2903; x_wconf 89' lang='lat' dir='ltr'>matrimonium</span> <span class='ocrx_word' id='word_1_360' title='bbox 959 2862 1090 2903; x_wconf 88' lang='lat' dir='ltr'>iniret</span> <span class='ocrx_word' id='word_1_361' title='bbox 1110 2876 1186 2903; x_wconf 92' lang='lat' dir='ltr'>suo</span> <span class='ocrx_word' id='word_1_362' title='bbox 1209 2861 1390 2915; x_wconf 90' lang='lat' dir='ltr'>quisque</span> <span class='ocrx_word' id='word_1_363' title='bbox 1413 2860 1544 2901; x_wconf 84' lang='lat' dir='ltr'>statui</span> <span class='ocrx_word' id='word_1_364' title='bbox 1565 2873 1801 2901; x_wconf 88' lang='lat' dir='ltr'>accommo-</span> 
     </span>
     <span class='ocr_line' id='line_1_45' title="bbox 232 2919 1800 2975; baseline -0.001 -14"><span class='ocrx_word' id='word_1_365' title='bbox 232 2921 382 2962; x_wconf 91' lang='lat' dir='ltr'>datum</span> <span class='ocrx_word' id='word_1_366' title='bbox 416 2934 524 2962; x_wconf 88' lang='lat' dir='ltr'>neve</span> <span class='ocrx_word' id='word_1_367' title='bbox 557 2921 652 2975; x_wconf 89' lang='lat' dir='ltr'>quis</span> <span class='ocrx_word' id='word_1_368' title='bbox 683 2924 855 2975; x_wconf 91' lang='lat' dir='ltr'>peteret</span> <span class='ocrx_word' id='word_1_369' title='bbox 886 2922 1059 2975; x_wconf 90' lang='lat' dir='ltr'>nuptias</span> <span class='ocrx_word' id='word_1_370' title='bbox 1093 2921 1244 2963; x_wconf 85' lang='lat' dir='ltr'>divites</span> <span class='ocrx_word' id='word_1_371' title='bbox 1277 2919 1512 2961; x_wconf 87' lang='lat' dir='ltr'>nobilesve:</span> <span class='ocrx_word' id='word_1_372' title='bbox 1552 2919 1671 2974; x_wconf 85' lang='lat' dir='ltr'>ipsae</span> <span class='ocrx_word' id='word_1_373' title='bbox 1708 2932 1800 2960; x_wconf 87' lang='lat' dir='ltr'>sese</span> 
     </span>
     <span class='ocr_line' id='line_1_46' title="bbox 230 2979 1800 3034; baseline 0.001 -15"><span class='ocrx_word' id='word_1_374' title='bbox 230 2992 372 3034; x_wconf 90' lang='lat' dir='ltr'>neque</span> <span class='ocrx_word' id='word_1_375' title='bbox 405 2979 525 3022; x_wconf 84' lang='lat' dir='ltr'>Jovis</span> <span class='ocrx_word' id='word_1_376' title='bbox 557 2994 697 3032; x_wconf 87' lang='lat' dir='ltr'>neque</span> <span class='ocrx_word' id='word_1_377' title='bbox 731 2981 908 3022; x_wconf 88' lang='lat' dir='ltr'>deorum</span> <span class='ocrx_word' id='word_1_378' title='bbox 940 2981 1121 3022; x_wconf 90' lang='lat' dir='ltr'>aliorum</span> <span class='ocrx_word' id='word_1_379' title='bbox 1153 2979 1427 3023; x_wconf 88' lang='lat' dir='ltr'>concubitum</span> <span class='ocrx_word' id='word_1_380' title='bbox 1459 2979 1675 3033; x_wconf 84' lang='lat' dir='ltr'>petituras</span> <span class='ocrx_word' id='word_1_381' title='bbox 1706 2991 1800 3030; x_wconf 75' lang='lat' dir='ltr'>esse</span> 
     </span>
    </p>
   </div>
  </div>
 </body>
</html>
