1858 3320
850 231 1140 272 ,160-

205 362 312 415 jecit
358 359 416 413 δέ,
466 377 595 416 quani
642 361 897 416 particulam
937 361 1077 402 minus
1124 360 1293 415 placere
1333 374 1461 415 quam
1498 361 1679 404 alteram
1709 363 1780 404 vix

211 435 317 476 opus
351 425 417 463 est
447 425 497 463 ut
528 436 739 464 moneam.
802 421 921 463 Idem
956 435 1053 462 cum
1084 421 1376 475 perspexisset
1397 420 1590 472 Weilius,
1623 424 1667 464 et
1687 421 1780 477 ipse

212 480 503 536 responsionis
536 481 734 524 defensor
764 481 809 522 in
842 495 879 522 v.
899 480 984 522 433
1018 480 1212 535 reposuit
1243 478 1294 537 δὴ
1326 480 1419 522 1060
1452 477 1499 520 δέ
1528 480 1779 536 particulae,

210 554 340 595 quam
362 540 537 594 quidem
558 541 656 582 huic
676 540 769 583 1060
792 539 1058 594 aptissimam
1081 553 1176 582 esse
1198 540 1336 594 quivis
1358 539 1578 594 intelligit.
1614 540 1781 584 Deinde

212 600 353 641 minus
386 604 510 643 caute
544 600 704 642 delevit
736 599 1009 641 Hermannus
1041 599 1169 653 primi
1200 613 1349 642 versus
1380 599 1635 643 vocabulum
1664 596 1779 642 ἄλλοι

210 659 368 701 etenim
416 660 508 702 sine
550 660 679 701 dubio
726 658 780 701 ab
827 660 922 714 ipso
959 661 1088 713 poeta
1126 662 1195 701 est
1229 659 1432 714 positum,
1479 662 1530 702 ut
1561 673 1612 702 eo
1642 660 1783 716 magis

210 718 399 761 eluceret
437 719 699 774 comparatio
748 732 858 773 quae
898 719 948 760 fit
985 719 1101 761 inter
1130 718 1435 761 Prometheum
1472 722 1517 762 et
1546 718 1781 762 Atlantem.

210 778 346 832 Magis
395 779 526 820 etiam
572 778 771 832 displicet
815 779 861 820 in
908 778 1102 833 ejusdem
1149 779 1228 821 viri
1267 778 1382 821 docti
1418 778 1782 834 interpretatione

210 838 325 892 quod
372 842 472 879 ante
520 835 743 892 ξααπίτνων
789 834 847 894 (v.
886 836 994 894 434)
1042 838 1197 880 statuit
1233 838 1443 880 lacunam.
1507 837 1600 889 Qua
1636 838 1682 880 in
1717 838 1782 881 la-

210 911 331 947 cuna,
367 898 420 939 ab
452 898 547 952 ipso
579 897 830 940 Hermanno
862 912 948 941 non
971 897 1156 952 expleta,
1189 897 1371 940 Weilius
1403 897 1510 940 talia
1530 897 1620 941 fere
1641 897 1783 940 locum

207 956 409 998 habuisse
444 957 654 1012 judicavit
690 955 832 1012 »πέρις
867 955 1086 1013 ἀείρετακ<.
1148 957 1422 1012 Excogitavit
1453 958 1568 1000 enim
1597 957 1782 1000 lacunae

209 1016 473 1071 supplendae
520 1030 651 1058 causa
697 1017 854 1072 opponi
899 1018 1015 1059 inter
1051 1031 1096 1060 se
1128 1017 1267 1059 undas
1298 1021 1524 1072 surgentes
1555 1017 1782 1060 conciden-

208 1079 374 1130 tesque.
440 1076 525 1118 Sed
555 1079 613 1120 ut
636 1077 834 1118 omittam
865 1091 953 1118 una
984 1091 1081 1119 cum
1111 1076 1192 1119 hac
1223 1077 1469 1132 conjectura
1500 1091 1635 1120 novas
1667 1076 1782 1120 diffi-

209 1134 391 1177 cultates
422 1135 650 1192 interpreti
682 1150 776 1178 esse
810 1137 997 1187 obortas,
1039 1137 1100 1178 sic
1137 1140 1186 1178 ut
1218 1136 1398 1179 deberet
1430 1134 1653 1192 ξυμπίτνων
1680 1137 1782 1192 jun-

210 1208 309 1248 gere
334 1210 429 1237 cum
452 1196 733 1252 sequentibus
765 1199 897 1251 atque
920 1196 1012 1239 loco
1033 1194 1167 1250 βυθός·
1183 1210 1343 1251 ponere
1366 1196 1627 1252 adjectivum
1644 1194 1786 1250 βαθύς

209 1254 264 1296 ad
295 1269 452 1297 nomen
484 1254 641 1295 κλύδων
673 1256 959 1308 referendum,
999 1270 1178 1311 prorsus
1209 1255 1330 1301 nulla
1361 1256 1619 1311 conspicitur
1649 1269 1782 1299 causa

208 1329 283 1356 cur
330 1316 416 1357 sint
459 1316 573 1358 inter
610 1330 655 1358 se
688 1317 968 1371 opponendae
999 1314 1144 1358 undae
1177 1320 1403 1371 surgentes
1435 1319 1480 1359 et
1510 1319 1779 1359 corruentes:

206 1374 336 1417 immo
381 1375 464 1417 hac
509 1376 554 1417 in
600 1390 647 1418 re
694 1376 879 1418 vertitur
915 1377 1042 1418 cardo
1080 1376 1325 1418 sententiae
1362 1380 1412 1418 ut
1442 1376 1585 1418 undae
1615 1375 1780 1418 luctum

208 1435 333 1476 edere
381 1435 598 1486 dicantur3
647 1439 748 1492 apte
794 1439 940 1479 autem
986 1435 1129 1478 undae
1175 1436 1360 1478 clamare
1412 1436 1636 1490 finguntur
1687 1449 1782 1478 cor-

206 1498 395 1548 ruentes,
431 1495 653 1550 aptissime
685 1510 826 1552 porro,
859 1499 909 1538 ut
940 1494 1004 1538 vis
1036 1500 1168 1550 atque
1209 1497 1396 1551 gravitas
1428 1495 1670 1538 sententiae
1701 1509 1781 1538 au-

208 1558 372 1608 geatur,
405 1555 590 1609 primum
622 1556 741 1611 ipsae
773 1556 931 1607 undae,
966 1555 1121 1598 deinde
1153 1570 1273 1598 mare
1312 1555 1593 1612 profundum,
1640 1568 1780 1609 usque

208 1614 323 1668 quod
355 1628 484 1656 sonus
515 1615 733 1657 undarum
756 1616 1046 1658 corruentium
1074 1616 1306 1671 propagari
1343 1616 1568 1670 cogitatur,
1600 1614 1780 1657 tandem

206 1674 298 1728 ipse
332 1673 466 1716 Orcus
497 1674 646 1729 lugere
679 1675 854 1717 dicitur.
916 1675 1074 1730 Itaque
1116 1675 1302 1718 alteram
1332 1675 1622 1731 responsionis
1652 1674 1779 1717 resti-

207 1734 394 1776 tuendae
425 1735 539 1777 viam
570 1735 762 1777 inierunt
793 1735 879 1777 alii,
929 1735 998 1778 Sic
1019 1735 1340 1778 Heimsoethins
1374 1759 1428 1765 —-
1461 1749 1590 1791 quem
1610 1734 1778 1776 ratione

208 1794 413 1836 excidisse
461 1798 630 1837 constat
676 1810 772 1837 cum
803 1795 848 1837 in
879 1811 917 1838 v.
942 1796 1027 1838 435
1062 1792 1256 1850 ἐμιῇοέμει
1292 1796 1526 1851 conjiceret
1554 1794 1648 1837 loco
1679 1791 1778 1834 ὑπο-

205 1851 361 1908 βρξοει,
409 1854 525 1908 quod
572 1855 676 1909 quin
722 1856 813 1910 ipse
859 1859 992 1910 poeta
1022 1855 1217 1910 posuerit
1248 1856 1300 1897 de
1331 1854 1508 1910 lugente
1541 1853 1662 1905 Orco,
1703 1853 1778 1908 qui

208 1916 322 1954 esset
369 1914 499 1955 etiam
531 1915 611 1956 sub
643 1915 752 1956 mari
782 1914 1009 1970 profundo,
1057 1927 1143 1956 non
1175 1917 1241 1957 est
1273 1914 1451 1956 dubium
1485 1941 1537 1947 —-
1573 1928 1650 1956 suo
1677 1913 1777 1968 jure

206 1971 411 2015 refutavit
441 1973 638 2016 lacunam
669 1975 724 2017 ab
756 1974 892 2017 altero
923 1975 1159 2029 interprete
1193 1977 1293 2016 ante
1329 1971 1605 2029 »ξυμπίτνωνιι
1640 1973 1778 2028 parti-

207 2033 364 2087 cipium
397 2036 626 2084 statutam3
660 2034 737 2077 sed
769 2034 929 2077 delevit
959 2034 1088 2076 metri
1127 2047 1254 2076 causa
1285 2048 1371 2076 non
1401 2047 1540 2089 pauca
1571 2031 1776 2088 strophae

207 2093 354 2134 verba:
402 2097 452 2135 ut
500 2093 549 2135 O.
587 2093 847 2136 Ribbeckius
890 2092 1104 2136 vocabula
1169 2093 1342 2134 »Τιτᾶνα
1381 2091 1562 2148 λύμαις<<,
1602 2091 1720 2134 501115
1752 2106 1776 2135 6

208 2155 332 2194 textu
365 2153 529 2207 expulit
560 2151 912 2208 ἀδαμαντοδέτοις,
944 2154 1065 2208 cujus
1097 2153 1190 2196 loco
1224 2153 1336 2196 alter
1357 2153 1528 2208 scripsit
1556 2150 1780 2207 ἀκαμάτοις

209 2211 265 2252 ad
314 2210 448 2256 πόνοις
485 2213 679 2255 dativum
715 2214 948 2267 pertinens.
1012 2212 1250 2255 Praeterea
1286 2212 1608 2255 Heimsoethins
1639 2211 1775 2254 auda-

207 2272 375 2313 cissime
411 2270 598 2326 >>(ἳαμέντ’
631 2271 835 2328 εἰσιδόμαν
865 2270 990 2312 θεόν<<
1039 2272 1248 2316 vocabula
1278 2273 1462 2315 mutavit
1497 2273 1542 2314 in
1585 2268 1776 2326 »εἰδόμαν

207 2329 319 2370 θεῶν
361 2329 566 2385 ὃαμέντ’«.
623 2331 805 2374 Weilius
837 2347 964 2388 porro
997 2336 1041 2375 et
1070 2333 1164 2387 ipse
1195 2333 1346 2388 rejecit
1381 2330 1555 2372 »Τιτᾶνα
1586 2329 1775 2385 λύμαις-«ς

205 2389 523 2433 Ribbeckianae
555 2395 704 2434 tamen
735 2393 1009 2447 conjecturae
1035 2391 1306 2447 »ἀκαμάτοις«
1338 2392 1431 2434 1060
1453 2391 1598 2447 posuit
1618 2389 1772 2444 ἀκάμπ-

208 2463 298 2493 τοις.
360 2450 650 2494 Weckleinius
696 2453 871 2495 tandem
916 2453 961 2494 in
1009 2451 1208 2494 editionis
1257 2451 1462 2507 apendice
1507 2465 1595 2492 non
1645 2450 1773 2491 modo

206 2509 387 2552 aliorum
418 2510 807 2566 interpretamenta
838 2513 1048 2567 probavit,
1090 2512 1165 2554 sed
1197 2512 1330 2554 etiam
1361 2509 1568 2553 vocabula
1594 2503 1773 2549 ἍτλανὸΡ

207 2572 251 2610 et
283 2568 432 2618 νώτοις,
466 2571 591 2624 quod⁴
613 2586 769 2614 nomen
800 2571 905 2613 mihi
937 2571 1112 2627 quidem
1143 2572 1309 2626 poetice
1331 2574 1461 2625 atque
1482 2569 1775 2624 significanter

205 2629 394 2683 positum
431 2630 613 2681 videtur,
664 2632 719 2674 ab
757 2631 1070 2687 interpolatore
1102 2629 1297 2687 profecta
1327 2630 1532 2673 odoratus
1564 2642 1660 2672 esse
1690 2627 1775 2670 sibi

205 2688 319 2730 visus
360 2693 438 2731 est.
500 2689 665 2733 Videtis
704 2705 835 2745 quam
871 2691 993 2734 varia
1039 2695 1082 2734 et
1111 2704 1318 2746 perversa
1364 2689 1624 2746 protulerint
1660 2687 1775 2731 docti

205 2751 254 2789 ut
290 2748 571 2792 restituerent
606 2765 808 2793 numeros
843 2750 1184 2806 antistrophicos,
1225 2764 1333 2805 quos
1364 2763 1540 2792 carmen
1572 2746 1775 2804 amplecti

206 2807 298 2848 sine
331 2821 464 2849 causa
496 2809 578 2851 sibi
609 2814 931 2864 persuaserant.
993 2811 1150 2864 Itaque
1189 2811 1348 2852 suadeo
1381 2810 1496 2864 quod
1526 2806 1774 2850 Dindoffius

206 2869 250 2908 et
280 2867 526 2922 nuperrime
558 2868 846 2912 Kirchhoffius
876 2871 1176 2912 indicaverunt
1206 2870 1251 2911 in
1283 2869 1554 2920 editionibus,
1597 2881 1775 2910 carmen

207 2940 300 2969 esse
346 2926 591 2970 habendum
637 2943 715 2984 pro
762 2930 897 2985 epodo
943 2929 1131 2985 strophis
1173 2929 1530 2973 antecedentibus
1561 2926 1772 2983 subjecta.
