1858 3320
854 233 1146 274 —58.-.

219 363 432 418 strophas,
466 363 592 406 facile
625 363 838 417 intelliget
870 367 1034 418 quanto
1067 362 1227 405 distent
1261 378 1287 405 a
1317 362 1488 417 legibus
1519 362 1784 419 Euripideis:

219 438 405 478 namque
454 424 568 478 apud
616 422 727 465 hunc
775 427 952 478 poetam
998 436 1085 464 non
1122 423 1249 465 modo
1282 422 1327 464 in
1359 422 1482 464 initio
1513 423 1615 478 poni
1647 423 1787 466 solent

219 482 448 538 ampliores
479 497 629 525 versus
662 482 875 538 dactylici,
910 481 1026 536 quod
1058 482 1149 537 ipse
1181 483 1246 524 vir
1276 483 1425 525 doctus
1447 483 1684 526 rectissime
1707 483 1786 526 ad-

218 542 385 584 notavit
415 557 485 597 pp.
510 543 759 593 694-695,
799 541 876 584 86(1
914 546 1009 584 tota
1040 556 1119 596 per
1150 541 1345 584 carmina
1377 546 1607 584 servantur
1635 556 1786 586 versus

217 601 595 657 dactylotrochaici
629 603 717 643 sive
751 601 1178 656 anapaestoiambici,
1214 605 1345 657 atque
1377 601 1520 644 rarius
1556 606 1787 645 occurrunt

216 662 322 703 meri
368 675 517 703 versus
564 660 769 703 trochaici
802 660 870 703 vel
909 660 1095 703 iambici.
1159 660 1279 712 Quae
1312 675 1410 703 cum
1439 661 1506 703 ita
1537 661 1636 713 sint,
1668 661 1785 704 idem

210 720 499 774 judicaverim
532 720 585 762 (16
617 719 760 762 Prom.
792 719 970 763 fabulae
1003 720 1267 762 carminibus
1300 721 1415 777 quod
1444 720 1539 776 ipse
1555 720 1786 777 Westpha-

214 779 298 821 lius
346 780 609 822 existimavit
647 781 699 822 de
737 779 860 822 Eum.
893 779 1072 822 fabulae
1112 780 1306 831 canticis,
1347 794 1461 836 quae
1493 779 1662 836 legibus
1693 784 1786 823 tam

215 840 348 881 firmis
380 838 734 882 constantibusve
766 853 898 895 quam
929 839 1131 895 strophas
1154 839 1411 896 Euripideas
1443 844 1584 883 metra
1614 840 1786 897 episyn-

214 899 335 941 theta
368 899 677 954 amplectentes
710 899 771 941 uti
804 899 993 954 negavit.

332 958 358 1001 J
362 973 433 1000 am
459 958 752 1014 judicabimus
785 959 837 1002 de
860 959 1099 1002 carminum
1122 959 1402 1014 argumentis.
1450 958 1632 1002 Constat
1652 959 1786 1019 igitur

214 1018 327 1060 inter
358 1032 505 1060 omnes
536 1019 725 1073 tragicos
756 1020 1018 1074 posteriores
1051 1019 1228 1061 chorum
1254 1019 1398 1061 facere
1421 1018 1694 1074 eloquentem
1714 1032 1785 1062 res

214 1077 449 1129 universas,
484 1077 624 1121 obiter
653 1082 826 1121 tantum
864 1092 1150 1145 personarum
1191 1079 1388 1121 facinora
1423 1082 1675 1133 tangentes3
1707 1079 1785 1122 sed

215 1137 331 1192 apud
362 1137 621 1194 Aeschylum
659 1138 835 1181 chorum
871 1138 952 1180 tali
993 1138 1137 1180 animo
1171 1152 1264 1180 esse
1295 1138 1544 1194 praeditum
1575 1142 1625 1181 ut
1658 1138 1785 1181 alteri

214 1211 499 1251 personarum
538 1198 653 1252 parti
688 1197 845 1249 faveat,
895 1198 1079 1240 alteram
1116 1202 1403 1253 persequatur
1439 1197 1538 1241 odio
1577 1202 1709 1253 atque
1741 1202 1786 1241 et

213 1258 303 1311 ipse
342 1271 420 1312 pro
459 1258 604 1300 amicis
635 1272 722 1300 non
753 1257 882 1300 modo
913 1272 1000 1300 non
1030 1258 1173 1300 verbis
1207 1258 1283 1300 sed
1315 1272 1369 1300 ne
1400 1257 1658 1301 facinoribus
1689 1258 1785 1313 qui-

215 1317 313 1359 dem
352 1321 514 1372 parcat.
579 1317 706 1360 Hunc
742 1331 906 1359 morem
939 1316 1222 1373 Aeschyleum
1261 1318 1366 1360 mihi
1399 1317 1574 1373 quidem
1604 1331 1709 1372 prae
1739 1331 1785 1360 se

212 1376 325 1419 ferre
363 1375 566 1419 videntur
602 1377 680 1419 illa
717 1377 926 1419 carmina:
975 1391 1163 1432 namque
1200 1378 1245 1419 in
1276 1378 1368 1432 ipso
1399 1377 1554 1433 prioris
1584 1377 1785 1420 carminis

212 1437 335 1479 initio
381 1436 569 1491 virgines
601 1436 657 1478 ad
688 1437 886 1491 proxima
916 1437 1163 1480 Promethei
1194 1437 1327 1480 verba
1358 1437 1512 1492 quibus
1543 1437 1623 1480 sibi
1653 1450 1786 1480 novos

214 1496 382 1539 dolores
419 1496 587 1539 futuros
625 1510 714 1538 esse
753 1500 822 1539 est
853 1501 1104 1552 auguratus,
1150 1497 1428 1551 respicientes
1461 1511 1559 1540 eum
1591 1500 1785 1539 metuere

213 1559 363 1598 veta-nt
394 1559 525 1611 atque
558 1557 790 1612 subjiciunt
822 1570 914 1599 sese
946 1557 1111 1599 venisse
1144 1558 1312 1599 amicas.
1375 1556 1518 1611 Atque
1541 1570 1613 1599 668
1633 1570 1787 1599 revera

212 1615 438 1670 indulgere
484 1616 561 1667 illi,
608 1617 712 1658 satis
760 1616 960 1659 discimus
1000 1631 1052 1659 ex
1084 1616 1372 1671 antistropha:
1421 1630 1522 1658 nam
1551 1620 1784 1672 postquam

212 1675 286 1717 ille
333 1676 505 1730 quantis
552 1649 772 1718 ’doloribus
819 1679 1051 1719 vexaretur
1095 1677 1348 1719 brevissime
1387 1670 1656 1731 significavit„
1695 1689 1783 1718 non

212 1735 340 1778 modo
377 1736 722 1778 mise1ati0nibus
759 1739 954 1788 utuntur,
994 1735 1071 1778 sed
1111 1737 1242 1778 etiam
1278 1750 1411 1778 novos
1442 1737 1487 1778 in
1519 1735 1623 1778 deos
1654 1739 1786 1790 atque

212 1795 238 1836 J
241 1809 363 1837 ovem
404 1788 684 1838 'acerbissime
731 1795 876 1838 invehi
914 1810 1000 1838 non
1040 1795 1262 1846 dubitant3
1309 1796 1465 1839 deinde
1503 1794 1786 1838 Prometheus

213 1855 274 1895 ait
305 1869 396 1897 sese
429 1855 628 1897 maluisse
658 1856 703 1897 in
737 1854 895 1898 Orcum
917 1855 1056 1911 dejici,
1091 1869 1220 1910 quam
1250 1855 1442 1898 vinctum
1467 1855 1527 1897 sio
1548 1855 1646 1909 rupi
1666 1853 1786 1909 affigi

212 1917 261 1955 ut
294 1918 338 1956 et
360 1915 418 1957 dii
441 1919 483 1957 et
504 1915 699 1958 homines
727 1916 813 1958 suis
834 1915 1054 1958 doloribus
1074 1916 1240 1969 possint
1260 1916 1394 1969 pasci:
1427 1915 1615 1969 virgines
1637 1918 1783 1956 autem

212 1974 477 2028 respondent
506 1975 721 2017 neminem
749 1978 840 2017 tam
870 1974 1025 2016 durum
1049 1989 1140 2017 esse
1174 1989 1303 2030 quem
1330 1989 1415 2017 non
1437 1973 1642 2017 misereat
1661 1974 1785 2016 istius

213 2047 358 2075 rerum
395 2034 675 2077 adversarum
711 2038 885 2090 praeter
922 2035 1064 2089 ipsum
1095 2034 1246 2077 Jovem
1281 2048 1465 2090 eumque
1497 2034 1654 2076 inflexo
1687 2047 1785 2076 cum

215 2092 314 2135 odio
347 2094 554 2136 caelestes
587 2094 762 2136 domare
795 2094 944 2136 dicunt
974 2108 1115 2149 neque
1148 2095 1267 2149 prius
1300 2108 1389 2137 esse
1421 2094 1681 2137 destiturum

499 2154 588 2210 πρὶν
620 2153 669 2195 ἂν
701 2152 726 2211 ἢ
758 2153 906 2211 κορέσῃ
938 2153 1037 2210 κέαρ

498 2212 523 2270 ἢ
556 2213 717 2271 παλάμῃ
749 2214 818 2255 τινὶ
849 2213 919 2255 τὰν
951 2213 1182 2255 δυσάλωτον
1214 2213 1284 2271 ἕλῃ
1317 2227 1370 2262 τις
1398 2213 1543 2270 ἀρχάν.

214 2271 415 2314 Ceterum
462 2273 542 2315 hac
590 2277 784 2316 extrema
830 2274 1045 2316 sententia
1090 2277 1262 2316 utentes
1305 2287 1391 2316 non
1434 2273 1589 2315 leviter
1631 2275 1786 2315 notant

213 2346 426 2374 summum
478 2333 614 2376 scelus
660 2333 907 2388 nuperrime
958 2348 985 2376 a
1035 2332 1144 2376 Jove
1191 2334 1236 2375 111
1281 2337 1450 2388 patrem
1496 2333 1783 2374 commissum.

213 2389 494 2435 Prometheus
526 2393 582 2434 ad
613 2393 691 2435 illa
720 2394 935 2448 virginum
965 2393 1098 2436 verba
1129 2407 1251 2435 suam
1284 2394 1522 2435 orationem
1553 2393 1785 2435 adnectens

214 2450 356 2494 dicere
386 2453 528 2506 pergit
550 2466 657 2504 sese,
692 2467 955 2508 quamquam
977 2456 1181 2496 teneatur
1195 2453 1377 2495 vinculis
1397 2451 1607 2503 infractis,
1637 2454 1784 2493 tamen

212 2510 371 2554 habere
414 2525 535 2554 arma
567 2513 721 2567 quibus
752 2517 963 2569 tyrannus
994 2513 1130 2581 possit
1159 2513 1320 2567 privari
1351 2511 1531 2566 imperio
1576 2511 1661 2552 nisi
1690 2510 1784 2565 ipse

213 2570 397 2612 vinculis
443 2572 609 2614 solutus
657 2573 789 2614 etiam
827 2572 1025 2615 dolorum
1061 2573 1330 2628 injuriaeque
1360 2585 1523 2639 poenas
1555 2570 1782 2625 acceperit.

215 2629 301 2671 Sed
347 2634 524 2673 vertunt
570 2630 806 2674 Oceanides
853 2633 893 2675 ei
939 2633 1145 2700 opprobio
1193 2631 1309 2686 quod
1355 2631 1483 2673 nimis
1519 2631 1660 2673 audax
1697 2643 1784 2672 non

213 2688 414 2732 flectatur
459 2686 676 2733 laboribus
723 2692 981 2746 gravissimis
1027 2693 1152 2748 eique
1190 2692 1392 2734 timentes
1437 2690 1559 2732 aiunt
1589 2703 1683 2733 sese
1707 2689 1784 2731 vix

214 2762 388 2802 sperare
419 2750 550 2792 finem
582 2751 778 2793 dolorum
810 2753 980 2806 quando
1013 2766 1106 2794 esse
1136 2750 1347 2793 futurum:
1380 2750 1499 2794 Jovis
1521 2749 1667 2792 odium
1688 2762 1784 2792 ver*-

214 2807 280 2849 bis
311 2823 397 2850 non
427 2810 601 2863 placari.
649 2810 898 2866 Respondet
917 2815 1064 2854 autem
1094 2811 1169 2854 ille
1190 2825 1283 2853 sese
1306 2825 1392 2853 non
1412 2811 1612 2864 ignorare
1631 2808 1784 2851 Jovem

215 2880 415 2922 asperum
448 2883 540 2911 esse
572 2873 704 2924 atque
736 2884 762 2912 a
794 2871 881 2912 suis
915 2871 1102 2913 consiliis
1133 2871 1204 2913 vix
1234 2884 1361 2925 posse
1389 2868 1575 2912 detrahi:
1610 2867 1784 2923 quando

214 2929 360 2969 tamen
391 2927 585 2971 futurum
617 2943 708 2972 esse
738 2930 888 2972 mitem
909 2944 1118 2985 suamque
1141 2931 1373 2973 amicitiam
1394 2929 1642 2984 petiturum.
1682 2926 1783 2970 Jam

216 2986 402 3043 virgines
436 3002 533 3030 eum
565 2989 720 3042 omnia,
759 2990 920 3032 scilicet
958 3004 1239 3046 quaecunque
1273 2990 1450 3033 obscure
1481 2986 1784 3043 significaverit
