1858 3320
697 220 989 274 —41-÷

35 368 38 386 ³
62 358 107 397 et
137 353 447 404 OceanidibuS,
487 352 564 395 sed
597 352 726 402 etiam
758 354 889 405 poeta
921 349 1190 392 auditoribus
1222 348 1314 390 vult
1350 346 1628 402 persuadere.

62 412 156 456 Hoc
186 417 335 456 tamen
370 412 462 455 loco
502 411 745 454 arctissima
774 410 799 452 J
803 410 894 453 ovis
934 409 1135 452 interitus
1168 411 1212 451 et
1241 407 1487 449 Promethei
1523 405 1630 448 libe-

62 473 242 516 rationis
289 471 431 527 qualis
479 474 592 514 esset
637 469 786 512 futura
822 469 896 512 illo
942 482 1124 523 regnum
1170 467 1384 510 retinente
1422 465 1631 509 connexio

61 547 117 575 ne
148 532 414 575 Kolischium
445 530 620 586 quidem
642 529 835 581 offendit,
870 542 1136 584 quamquam
1158 527 1194 569 si
1215 540 1392 582 prorsus
1415 529 1633 569 servasset

62 605 187 634 suam
223 591 618 642 ratiocinationem,
661 603 773 645 quae
811 589 1046 631 certissime
1084 586 1397 643 praedicuntur
1427 585 1481 628 de
1511 585 1538 627 J
1541 585 1631 627 ovis

61 651 239 694 interitu
261 651 411 694 debuit
432 663 662 705 segregare
685 663 712 691 a
733 662 865 691 scena
886 652 1053 691 cetera:
1087 651 1384 690 verumtamen
1406 644 1631 701 praeclare

31 750 34 751 γ
63 711 253 754 ostendit
283 724 415 753 scena
447 709 661 765 quomodo
683 708 884 764 conjungi
914 706 1098 751 voluerit
1127 710 1258 761 poeta
1277 705 1303 748 J
1307 706 1397 748 ovis
1424 703 1630 760 pericula,

63 785 176 826 quae
229 774 356 813 erant
400 770 445 812 in
490 768 708 811 Themidis
759 772 944 818 secreto,
1005 771 1048 810 et
1100 771 1264 809 certam
1309 765 1431 808 illam
1467 763 1632 806 Titanis

62 829 378 873 liberationem.

181 889 418 932 Praeterea
471 888 583 931 hanc
640 901 815 930 scenam
861 886 1089 941 interpreti
1140 899 1226 928 non
1272 885 1397 927 bene'
1435 884 1633 939 excipere

63 949 293 992 videbatur
344 949 611 1003 subsequens
649 946 894 989 Promethei
941 951 984 988 et
1029 946 1243 1000 virginum
1295 958 1449 987 sermo.
1519 942 1634 985 Nam

29 1039 30 1042 η
61 1008 143 1052 hoc
173 1009 216 1050 in
248 1022 444 1051 sermone
482 1007 556 1049 ille
589 1007 695 1049 nihil
727 1006 832 1048 dicit
862 1006 916 1048 de
949 1019 1030 1047 sua
1066 1005 1341 1054 liberatione;
1380 1003 1456 1046 sed
1489 1002 1635 1045 omnia

63 1069 154 1111 fere
184 1068 402 1123 pertinent
435 1067 491 1109 ad
521 1066 547 1109 J
551 1067 640 1109 ovis
672 1066 908 1109 interitum.
978 1064 1098 1107 Haec
1130 1079 1200 1107 res
1231 1063 1336 1106 mihi
1368 1062 1542 1117 quidem
1574 1062 1634 1104 sic

26 1137 29 1139 ’
64 1127 322 1184 explicanda
344 1141 438 1170 esse
459 1127 631 1169 videtur
651 1130 700 1168 ut
720 1139 895 1169 scenam
915 1125 1103 1181 priorem
1127 1138 1224 1166 eam
1246 1124 1406 1178 optime
1427 1122 1635 1177 subsequi

67 1191 297 1244 appareat:
333 1187 491 1229 etenim
522 1190 700 1242 propt-er
719 1185 875 1228 Jonem
896 1185 995 1228 novi
1027 1184 1207 1227 deorum
1227 1183 1433 1239 principis
1455 1181 1634 1224 libidine

31 1265 34 1268 ·
65 1251 196 1301 atque
233 1246 408 1289 arbitrio
431 1247 668 1288 cruciatam
692 1245 802 1287 adeo
832 1249 1047 1299 augentur
1067 1243 1312 1287 Promethei
1334 1242 1481 1285 odium
1503 1246 1635 1296 atque

29 1302 32 1306 “
65 1307 134 1349 ira
164 1311 212 1348 ut
238 1306 331 1362 jam
364 1306 469 1348 nihil
501 1310 622 1362 optet
651 1305 735 1347 nisi
767 1305 860 1360 ejus
897 1304 1141 1354 interitum3
1189 1307 1320 1357 atque
1352 1301 1450 1345 odio
1482 1304 1634 1357 raptus

62 1366 305 1417 luculenter
343 1366 560 1420 significat
592 1368 758 1421 quanta
789 1364 984 1420 pericula
1016 1364 1054 1405 ei
1085 1363 1339 1406 immineant
1370 1375 1507 1417 eoque
1533 1374 1634 1417 pro-

30 1424 31 1427 ’
65 1425 261 1487 greditur
290 1430 340 1468 ut
371 1439 469 1468 eum
500 1438 654 1468 revera
691 1438 873 1478 regnum
921 1424 1181 1466 amissurum
1207 1426 1360 1477 atque
1398 1435 1494 1464 sese
1540 1421 1636 1476 ipso

65 1485 282 1528 crudelius
325 1489 528 1527 vexatum
558 1485 613 1526 iri
645 1488 793 1540 aperte
836 1484 1106 1539 profiteatur.
1187 1481 1272 1524 Sed
1305 1495 1431 1536 posse
1470 1483 1636 1522 secreto

27 1586 33 1592 ‚
64 1545 140 1588 illo
179 1544 404 1601 explorato
437 1549 481 1587 et
510 1544 663 1587 Jovem
702 1544 867 1586 servari
900 1547 944 1586 et
981 1541 1123 1599 ipsum
1161 1555 1287 1584 suam
1324 1541 1639 1583 hiberationem

25 1636 28 1651 -,
63 1605 303 1648 consectari
332 1604 486 1647 leviter
511 1604 654 1658 tangit
678 1619 745 1646 vv.
770 1603 1020 1646 912-914.
1083 1601 1250 1645 Deinde
1272 1600 1551 1657 reprehendit
1571 1600 1637 1642 vir

66 1665 219 1707 doctus
251 1661 311 1720 (p.
346 1665 391 1715 9)
425 1663 541 1719 quod
572 1664 759 1718 virgines
790 1663 1060 1706 haesitarent
1091 1661 1145 1704 de
1176 1661 1360 1703 veritate
1390 1659 1637 1702 Promethei

31 1729 33 1765 ζ
66 1724 387 1775 vaticiniorum,
435 1727 668 1779 postquam
715 1726 847 1766 antea
884 1726 927 1764 et
960 1722 1227 1777 accepissent
1259 1721 1314 1763 ab
1354 1734 1404 1763 eo
1443 1719 1636 1775 splendi-

67 1783 247 1826 dissima
279 1783 448 1838 augurii
480 1782 740 1835 documenta
768 1786 811 1825 et
841 1782 962 1837 ipsae
992 1782 1030 1824 ei
1052 1780 1183 1824 fidem
1209 1780 1475 1823 habuissent.
1540 1779 1636 1821 Hac

66 1847 213 1887 tamen
244 1844 288 1885 in
321 1857 453 1886 scena
491 1857 568 1885 suo
609 1842 719 1898 jure
756 1842 914 1884 dubiae
953 1845 1054 1883 sunt
1091 1841 1144 1883 de
1184 1839 1270 1882 fide
1317 1839 1510 1882 vaticinii
1549 1839 1633 1893 (vv.

68 1900 342 1959 927-929):
382 1916 570 1958 namque
601 1903 646 1944 in
684 1903 826 1956 ipsum
855 1901 1028 1950 Jovem,
1075 1904 1124 1943 ut
1159 1899 1404 1943 ‘ostendunt
1449 1914 1515 1941 vv.
1549 1899 1632 1940 517

25 1961 30 1963 ’
69 1990 122 1996 --
147 1963 253 2013 519,
287 1976 457 2005 summa
487 1962 694 2017 religione
727 1966 858 2017 atque
879 1961 1043 2017 pietate
1070 1964 1263 2011 utuntur,
1296 1960 1367 2001 vix
1389 1962 1437 2001 ut
1457 1957 1636 2000 credere

67 2023 235 2078 possint
271 2022 427 2064 summi
458 2022 528 2064 dei
558 2022 779 2065 interitum
813 2021 868 2064 ab
907 2020 1044 2063 altero
1082 2019 1319 2062 certissime
1350 2018 1634 2074 praedictum.

69 2080 271 2125 Ceterum
307 2081 622 2125 dubitationem
667 2094 794 2123 suam
840 2080 1086 2136 exprimunt
1131 2079 1299 2122 duobus
1337 2082 1507 2121 tantum
1540 2091 1636 2120 ver-

26 2196 27 2201 *
68 2141 232 2184 siculis:
267 2155 454 2196 namque
485 2146 584 2198 post
613 2141 730 2183 illius
761 2140 1001 2182 orationem
1033 2139 1240 2194 objiciunt
1271 2153 1370 2181 eum
1392 2137 1560 2180 edicere
1591 2137 1637 2178 in

67 2201 219 2244 Jovem
241 2215 353 2256 quae
376 2200 552 2256 quidem
574 2201 666 2255 ipse
689 2204 829 2256 optet;
856 2203 1087 2254 postquam
1111 2203 1257 2241 autem
1275 2198 1387 2240 alter
1405 2197 1638 2239 affirmavit

26 2273 28 2275 ’
69 2274 164 2304 sese
196 2260 446 2315 praesagire
480 2275 534 2303 ea
555 2274 669 2316 quae
702 2264 745 2303 et
765 2273 918 2302 revera
939 2263 1084 2301 essent
1104 2258 1253 2301 futura
1274 2261 1317 2300 et
1336 2258 1429 2313 ipse
1451 2261 1635 2313 optaret,

27 2373 28 2376 Ἴ
68 2320 257 2376 virgines
302 2320 574 2375 interrogant
619 2320 804 2362 liceatne
860 2323 1111 2375 exspectare
1159 2331 1422 2372 quemquam
1470 2330 1636 2358 summo

70 2379 152 2423 deo
184 2393 278 2422 esse
316 2380 536 2435 majorem.
614 2379 740 2421 Hanc
779 2378 835 2421 ad
870 2378 1253 2432 interrogationem
1284 2376 1358 2419 ille
1405 2375 1639 2432 respondet

25 2447 27 2450 '
70 2454 168 2482 eum
200 2453 295 2482 sese
327 2440 420 2495 ipso
460 2439 662 2494 graviora
700 2453 794 2480 esse
827 2451 1069 2493 passurum,
1135 2436 1455 2491 Subsequentia
1490 2440 1638 2478 tamen

24 2499 25 2503 ’
70 2499 172 2542 illae
206 2498 433 2554 adjiciunt,
474 2513 560 2542 non
598 2498 715 2553 quod
747 2494 947 2540 dubitent
978 2497 1032 2539 de
1063 2496 1150 2538 fide
1182 2495 1446 2547 Promethei,
1481 2494 1558 2537 sed
1589 2499 1639 2537 ut

19 2607 23 2615 ι
70 2572 168 2601 eum
199 2559 242 2600 in
263 2558 414 2601 Jovem
435 2559 561 2600 nimis
583 2558 778 2614 superbis
813 2562 943 2611 atque
968 2555 1205 2599 audacibus
1227 2556 1369 2598 verbis
1390 2556 1454 2597 uti
1476 2558 1635 2597 vetent.

21 2634 23 2637 ’
70 2617 225 2673 Itaque
271 2617 374 2660 mihi
421 2617 590 2672 quidem
638 2631 769 2660 scena
813 2617 1001 2672 priorem
1047 2616 1156 2658 bene
1204 2615 1399 2669 excipere
1445 2613 1636 2663 videtum

19 2678 24 2703 ἶ
70 2692 211 2732 neque
242 2678 383 2720 minus
417 2682 517 2732 apte
549 2681 785 2732 praeparat
816 2672 1184 2730 subsequentem.‘

19 2746 22 2750 ’
190 2737 301 2779 Nam
328 2753 394 2779 vv.
419 2737 668 2787 941-943,
703 2736 858 2790 quibus
878 2735 1117 2778 Mercurius
1148 2734 1192 2775 in
1214 2748 1388 2777 scenam
1411 2733 1638 2776 advenisse

71 2796 240 2846 dicitur,
273 2797 466 2851 proxime
498 2796 747 2851 praeposita
778 2799 879 2838 sunt
908 2794 1034 2837 haec:

211 2855 348 2912 δράτω
380 2855 489 2912 (scil.
525 2854 664 2913 Ζεύς),
697 2853 891 2910 κρατείτω
922 2853 1036 2895 τόνδε
1068 2851 1135 2894 τὸν
1162 2851 1325 2910 βραχὺν
1350 2851 1503 2911 χρόνον

210 2915 321 2963 ὅπως
349 2914 458 2956 θέλει
488 2914 617 2971 δαρὸν
647 2914 726 2970 γὰρ
757 2913 830 2955 mix
861 2912 974 2970 ἄρξει
1004 2911 1124 2962 θεοῖς.

72 2975 235 3026 Quibus
282 2976 424 3018 verbis
455 2987 551 3017 cum
590 2978 740 3017 utatur
778 2973 1070 3025 Prometheus,
1119 2986 1331 3016 summam
1379 2972 1638 3028 gravitatem
