1858 3320
855 209 1144 251 —43-.

219 357 257 384 v.
294 342 347 383 18
379 337 643 396 interpret.);
696 341 843 394 itaque
897 352 983 380 non
1029 338 1288 381 offendimur
1334 339 1450 394 quod
1495 339 1784 383 chkleinius

220 415 271 442 ex
304 398 445 442 Prom.
484 399 572 442 fab.
603 398 718 440 illius
766 398 935 452 generis
973 399 1188 452 congessit
1226 397 1425 454 exempla
1455 402 1565 451 octo,
1605 399 1784 443 alterius
1856 447 1858 451 f

219 459 526 513 duodeviginti.
590 458 668 500 His
700 462 845 500 tamen
879 472 930 499 ex
963 457 1169 513 exemplis
1201 472 1287 500 non
1317 471 1460 513 pauca
1490 458 1686 502 nituntur
1706 473 1783 502 no-

218 519 403 561 minibus
448 518 634 574 propriis
680 521 728 559 ut
766 533 830 560 vv.
864 518 964 559 355.
999 518 1097 560 838.
1133 518 1240 567 8493
1279 522 1322 560 et
1354 533 1420 560 vv.
1447 518 1514 560 18.
1548 518 1649 561 373.
1682 519 1783 562 707.

219 579 326 629 733;
373 577 528 620 deinde
575 576 782 619 nonnulla
819 581 1106 619 manaverunt
1138 590 1189 619 ex
1222 590 1301 618 usu
1334 576 1569 619 eorundem
1599 577 1785 620 vocabu-

217 637 374 679 lorum:
408 637 570 679 habent
600 636 715 678 idem
746 635 1004 678 vocabulum
1040 633 1278 692 >>διάδοχοςι
1304 652 1369 679 vv.
1393 636 1494 679 466.
1521 637 1647 688 1026,
1669 636 1785 679 idem

223 695 451 752 »ποταμός<<
486 712 552 739 vv.
577 697 676 738 715.
710 697 809 738 718.
874 694 1076 738 Ceterum
1123 709 1294 750 semper
1335 695 1425 738 fere
1473 700 1673 739 servatur
1709 695 1786 739 illa

218 757 288 799 lex
320 756 560 811 Aeschylea
592 753 766 811 (Christ.
798 770 840 810 p.
864 756 949 797 323
983 755 1063 797 sub
1094 769 1203 797 cum.
1230 755 1272 806 1)
1296 769 1347 797 ex
1370 768 1458 810 qua
1478 756 1596 811 prior
1617 755 1787 812 syllaba

220 821 285 858 est
332 816 470 857 exitus
516 814 713 857 vocabuli
750 815 944 870 proximi,
992 818 1163 857 ceterae
1196 818 1297 856 sunt
1327 814 1524 857 vocabuli
1561 814 1788 871 cujusdam

218 879 306 917 tres
354 874 421 916 vel
466 874 611 930 plures
643 873 834 929 syllabas
872 875 1081 924 tenentis3
1124 874 1274 930 paucis
1320 878 1491 916 tantum
1527 873 1633 917 locis
1668 875 1789 930 prior

220 934 389 989 syllaba
421 938 487 976 est
517 933 671 976 vocula
703 934 1058 976 antecedentibus
1092 937 1210 976 arcte
1243 933 1415 976 adnexa
1447 933 1531 988 (vv.
1554 935 1654 986 355,
1684 934 1784 986 746,

220 995 326 1043 992;
358 1009 423 1036 vv.
460 994 587 1036 1006.
625 991 772 1050 1026).
835 992 968 1036 Porro
1001 994 1146 1049 quarti
1176 994 1310 1035 iambi
1341 992 1566 1036 solutionis
1593 993 1788 1036 notanda

219 1058 320 1096 sunt
351 1057 539 1108 quatuor
571 1052 786 1108 exempla:
820 1068 886 1096 vv.
921 1053 991 1096 76.
1025 1053 1124 1095 276.
1161 1053 1259 1096 679.
1295 1053 1393 1095 807.
1456 1051 1601 1095 Etiam
1638 1052 1705 1095 his
1742 1053 1788 1095 in

218 1113 413 1156 versibus
447 1113 611 1155 servari
643 1112 752 1154 solet
782 1111 859 1154 illa
890 1111 1155 1168 syllabarum
1193 1111 1438 1155 distributio
1491 1125 1624 1168 quam
1659 1111 1787 1155 modo

219 1172 409 1214 diximus
448 1171 755 1227 Aeschyleam3
802 1186 887 1214 uno
934 1172 980 1213 in
1018 1187 1054 1214 v.
1089 1171 1175 1214 276
1209 1170 1380 1226 syllaba
1412 1170 1553 1214 altera
1582 1176 1627 1214 et
1655 1172 1788 1215 tertia

220 1230 412 1274 efficiunt
457 1232 821 1287 praepositionem
852 1245 949 1273 cum
981 1231 1261 1286 subsequenti
1297 1229 1508 1273 vocabulo
1542 1235 1659 1274 arcte
1687 1232 1787 1288 jun-

222 1291 429 1346 gendam3
478 1305 608 1346 quam
649 1291 917 1346 syllabarum
948 1290 1298 1333 distributionem
1327 1290 1541 1346 Aeschylo
1571 1305 1659 1334 non
1688 1305 1788 1334 raro

218 1351 431 1407 placuisse
462 1351 676 1406 interpres
710 1350 935 1393 adnotavit
964 1350 1087 1392 illum
1119 1350 1176 1392 ad
1207 1364 1391 1393 versum.
1444 1350 1610 1394 Deinde
1642 1354 1709 1393 est
1738 1351 1786 1393 in

219 1427 258 1453 v.
293 1411 378 1453 809
408 1409 524 1452 idem
560 1408 787 1465 »ποταμός«
824 1410 1080 1454 vocabulum
1112 1409 1227 1466 quod
1255 1423 1388 1465 supra
1409 1410 1583 1466 saepius
1604 1423 1788 1453 comme-

219 1470 383 1512 moravi
414 1470 497 1512 hac
526 1470 571 1511 in
604 1469 895 1525 disputatione
927 1470 1119 1512 metrica.
1181 1469 1282 1512 Jam
1312 1473 1452 1512 restat
1481 1483 1558 1526 pes
1596 1470 1787 1526 quintus,

220 1544 348 1585 quem
395 1529 583 1572 solutum
628 1529 819 1572 ostendit
864 1544 975 1572 unus
1021 1545 1059 1572 v.
1095 1530 1150 1571 52
1199 1530 1273 1584 qui
1312 1530 1402 1572 exit
1437 1529 1483 1571 111
1530 1528 1788 1573 vocabulum

220 1593 407 1646 quatuor
453 1593 605 1632 tenens
653 1588 865 1644 syllabas;
913 1593 1044 1645 atque
1083 1602 1347 1645 quamquam
1385 1593 1602 1657 repugnat
1632 1588 1788 1632 solutio

217 1663 394 1691 110111ιὶ10
427 1649 623 1692 omnibus
655 1649 794 1704 poetis
832 1652 1065 1691 consuetae
1114 1663 1166 1691 ex
1198 1663 1287 1704 qua
1319 1648 1494 1703 genuini
1526 1652 1658 1705 atque
1690 1649 1789 1705 puri

218 1710 462 1751 retinentur
506 1722 709 1751 versuum
756 1709 910 1759 exitus,
958 1712 1106 1751 tamen
1137 1712 1314 1764 propter
1344 1722 1478 1751 unum
1508 1722 1680 1751 versum
1711 1721 1790 1751 suo

214 1769 310 1823 jure
342 1767 632 1811 Weckleinius
663 1769 801 1811 vetuit
830 1767 1024 1811 fabulam
1047 1767 1234 1810 adscribi
1254 1768 1519 1824 temporibus
1540 1768 1789 1811 recentiori-

218 1829 311 1879 bus,
345 1829 602 1883 praesertim
630 1842 727 1870 cum
749 1831 895 1871 essent
927 1828 1058 1870 etiam
1089 1828 1135 1870 in
1155 1826 1274 1870 Pers,
1307 1827 1460 1871 fabula
1485 1827 1573 1871 tria
1593 1826 1790 1883 ejusdem

219 1888 283 1930 rei
315 1887 513 1943 exempla
544 1886 628 1944 (vv.
662 1888 762 1930 446.
797 1888 898 1930 490.
932 1885 1054 1944 499).

339 1947 543 2003 Sequitur
589 1951 638 1989 ut
683 1960 825 2002 pauca
864 1946 1077 1989 addamus
1109 1946 1327 1989 nonnullis
1359 1946 1414 1989 de
1447 1947 1700 2003 anapaestis
1731 1973 1786 1979 -

220 2006 273 2049 de
304 2006 470 2062 parodo
503 2007 618 2049 enim
650 2011 693 2049 et
724 2005 861 2050 exodo
892 2006 1009 2049 infra
1037 2020 1215 2061 agemus
1249 2033 1302 2039 —
1338 2010 1382 2049 et
1402 2005 1456 2049 de
1477 2006 1598 2050 Jovis
1620 2007 1790 2050 cantico

218 2067 412 2109 versibus
459 2066 720 2109 dochmiacis
766 2067 1014 2122 composito.
1090 2066 1204 2109 Nam
1250 2065 1545 2122 Westphalius
1591 2080 1689 2109 cum
1735 2065 1790 2108 de

219 2126 408 2168 numeris
448 2126 737 2181 anapaesticis
776 2130 927 2180 ageret
965 2125 1064 2183 (vol.
1098 2126 1155 2168 II.
1195 2141 1267 2182 pp.
1299 2126 1387 2168 409
1419 2123 1548 2194 sqq.,)
1581 2125 1791 2170 nonnulla

219 2186 264 2226 in
310 2185 452 2228 Prom
489 2185 664 2229 fabulae
713 2187 963 2241 anapaestis
1012 2200 1040 2228 a
1077 2186 1247 2228 ratione
1285 2186 1439 2228 ceteris
1477 2186 1523 2228 in
1553 2185 1789 2240 tragoediis

219 2245 432 2301 Aeschylo
455 2244 629 2288 diversa
651 2260 746 2288 esse
769 2246 935 2298 statuit,
970 2260 1235 2301 quamquam
1256 2246 1350 2300 ipse
1373 2259 1459 2288 non
1481 2249 1632 2303 aperte
1654 2244 1791 2288 edixit

222 2318 294 2346 eos
328 2319 354 2347 a
384 2308 514 2360 poeta
546 2319 640 2347 esse
673 2279 999 2360 abjudicandos.
1048 2304 1240 2347 Primum
1266 2305 1399 2359 igitur
1419 2304 1538 2347 chori
1561 2305 1791 2360 anapaesti
1857 2307 1858 2343 ἒ

221 2365 295 2419 qui
344 2368 444 2406 sunt
489 2365 534 2406 in
580 2380 645 2407 vv.
680 2366 913 2408 280—287
967 2379 1065 2407 cum
1110 2365 1314 2420 proximis
1363 2368 1481 2407 arcte
1534 2364 1787 2407 cohaerent:

222 2424 344 2465 aiunt
391 2425 504 2466 enim
547 2424 735 2479 virgines
778 2439 805 2466 a
841 2423 1097 2467 Prometheo
1137 2438 1309 2467 currum
1352 2423 1516 2466 alatum
1547 2423 1792 2480 relinquere

216 2483 365 2537 jussae
413 2498 507 2526 sese
554 2484 817 2527 descendere
856 2488 905 2526 ut
944 2484 1126 2527 audiant
1156 2498 1303 2527 omnes
1335 2484 1427 2539 ejus
1458 2498 1529 2527 res
1562 2483 1792 2533 adversas;

220 2542 300 2585 hoc
345 2543 535 2598 pertinet
581 2544 672 2586 sine
720 2543 848 2586 dubio
882 2543 939 2586 ad
970 2559 1008 2586 v.
1042 2545 1128 2587 276
1166 2542 1378 2586 vocabula
1423 2543 1508 2588 »ὡς
1530 2540 1695 2600 μάθητε
1726 2541 1790 2583 διὰ

223 2600 362 2646 τέλους
394 2602 437 2642 τὸ
471 2604 589 2643 mlv«.
653 2602 984 2658 Subsequuntur
1023 2602 1184 2646 Oceani
1217 2603 1460 2658 anapaesti,
1509 2603 1584 2658 qui
1613 2607 1792 2658 propter

221 2660 395 2703 fabulae
429 2667 730 2716 argumentum
762 2677 847 2704 non
878 2663 1020 2704 minus
1054 2677 1187 2719 quam
1218 2662 1280 2704 illi
1313 2661 1515 2705 videntur
1535 2662 1788 2704 necessarii:

223 2721 382 2762 etenim
420 2736 472 2762 ex
517 2737 556 2763 v.
589 2723 675 2764 300
708 2722 993 2777 comperimus
1041 2722 1242 2777 quisnam
1280 2723 1324 2763 in
1358 2735 1532 2764 scenam
1561 2721 1792 2777 prodierit;

225 2779 400 2822 additur
447 2785 593 2822 autem
626 2782 847 2836 aptissime
894 2796 1106 2837 personae
1144 2795 1312 2833 nomen,
1356 2785 1486 2836 atque
1525 2780 1792 2823 admiramur

222 2843 377 2892 poetae
411 2839 639 2881 artificium
670 2841 825 2882 mirum
856 2841 900 2882 in
932 2841 1107 2883 modum
1138 2840 1306 2883 distans
1339 2855 1366 2882 a
1395 2841 1682 2894 posteriorum
1713 2840 1790 2882 ab·

223 2897 456 2939 surditate:
519 2913 706 2954 namque
755 2899 953 2942 Oceanus
1001 2899 1111 2942 adeo
1159 2914 1253 2942 sese
1295 2900 1432 2941 amico
1476 2898 1791 2954 opitulaturum

224 2969 316 2998 esse
348 2957 575 3012 pollicetur
606 2963 654 3000 ut
685 2973 852 3001 summa
884 2973 980 3002 cum
1012 2960 1226 3017 gravitate
1250 2963 1382 3015 atque
1405 2958 1666 3001 confidentia
1687 2959 1788 3001 sub-
