1858 3320
904 242 1192 283 „26—

270 371 419 424 Neque
452 374 596 413 tamen
628 384 803 425 prorsus
836 369 1006 411 sublata
1038 372 1104 411 est
1139 384 1241 411 cura
1274 384 1401 424 quam
1422 375 1599 426 propter
1619 370 1822 427 Apollinis
1851 373 1858 420 1

270 430 444 472 oracula
474 430 527 472 de
559 430 677 471 urbis
709 429 847 471 salute
879 428 1139 470 habuerunt:
1173 429 1331 471 etenim
1363 430 1424 471 sic
1454 429 1596 473 dicere
1620 433 1822 486 pergunt:
1852 424 1858 429 ”

760 486 932 543 μέριμνα
964 486 999 527 δ’
1001 486 1102 542 ἀμφὶ
1133 487 1273 528 πτόλιν·
1853 490 1858 503 ²

765 545 935 602 θέσφατ’
967 544 1040 586 οὐκ
1070 546 1318 601 ἀμβλύνεται.

269 607 391 650 Η6116
423 607 649 649 verborum
680 605 1079 660 interpretationem
1107 606 1143 647 si
1164 610 1279 648 recte
1308 611 1559 658 statuemus,
1592 611 1660 650 est
1679 620 1826 651 conce·
1851 617 1858 659 4'

269 665 458 708 (lendum
504 680 582 707 nos
615 665 667 707 de
699 665 817 707 urbis
849 664 939 706 fato
970 665 1014 706 in
1045 665 1208 707 incerto
1239 665 1443 720 relinqui:
1492 665 1569 709 sed
1607 666 1826 720 quaeritur
1853 685 1858 699 ι

270 726 383 767 sitne
415 739 484 767 res
516 724 615 766 talis
647 727 696 765 ut
725 727 856 779 poeta
884 723 940 766 ad
972 727 1134 766 certam
1156 724 1373 778 quandam
1393 739 1483 767 rem
1504 724 1701 779 trilogiae
1721 725 1827 768 fines

269 784 560 838 egredientem
578 783 774 825 allusisse
792 783 848 824 sit
865 783 1130 837 cogitandus.
1178 783 1275 826 Mea
1296 783 1470 837 quidem
1490 784 1707 827 sententia
1726 797 1828 839 poe-
1855 804 1858 817 τ

268 847 315 885 ta
334 858 425 885 rem
447 846 606 884 certam
629 856 714 884 non
736 842 967 896 significat:
1002 842 1160 884 etenim
1182 843 1383 896 quoniam
1404 847 1574 885 constat
1593 857 1692 886 eum
1712 846 1829 886 certo
1855 840 1858 842 ’

268 902 443 944 601131110
492 901 668 943 ductum
715 900 883 943 silentio
929 902 1137 957 pressisse
1183 902 1345 944 bellum
1377 901 1685 958 Epigonorum,
1723 901 1829 945 nihil

268 961 528 1017 conspicitur
573 960 629 1002 ad
669 960 784 1015 quod
815 961 1031 1018 pertinere
1070 961 1238 1016 possint
1267 961 1342 1003 illa
1373 962 1516 1004 verba.
1578 961 1715 1004 Immo
1745 962 1830 1003 vir·
1854 979 1858 993 ’-

269 1021 400 1075 gines,
449 1023 579 1062 antea
615 1019 779 1062 oraculi
811 1020 914 1062 Laio
946 1020 1037 1062 (lati
1067 1035 1291 1072 memores,
1324 1021 1398 1062 ubi
1429 1020 1545 1063 diras
1577 1019 1731 1076 Oedipi
1762 1034 1831 1064 re-

268 1093 370 1122 vera
416 1079 609 1122 evenisse
656 1079 927 1131 audiverunt,
975 1080 1116 1122 verbis
1147 1079 1233 1121 illis
1265 1083 1447 1122 utuntur
1475 1080 1719 1135 pavitantes
1750 1079 1830 1122 mi·

267 1143 500 1193 rantesque
531 1142 582 1180 ut
613 1142 714 1180 sunt
743 1139 933 1193 insignes
966 1152 1133 1181 summa
1152 1139 1327 1194 pietate.
1390 1139 1509 1189 Quae
1530 1153 1626 1181 cum
1646 1139 1709 1181 ita
1729 1139 1829 1191 sint,

266 1213 352 1240 non
384 1212 508 1254 spero
541 1211 801 1252 quemquam
832 1211 972 1252 neque
1005 1197 1059 1240 de
1091 1201 1331 1240 ceterorum
1363 1197 1519 1240 ducum
1549 1197 1650 1240 fatis
1682 1211 1831 1240 narra-

267 1258 384 1300 tione
421 1271 562 1312 neque
602 1271 705 1300 cura
751 1271 861 1311 quae
895 1257 948 1299 de
980 1257 1099 1299 urbis
1132 1258 1272 1300 salute
1304 1261 1527 1300 remaneat
1542 1271 1650 1305 ,esse
1682 1256 1831 1300 desen-

267 1331 414 1359 surum
451 1316 572 1359 illam
610 1330 798 1368 scenam,
838 1317 883 1358 in
921 1330 1008 1371 qua
1037 1320 1167 1371 poeta
1197 1316 1300 1358 facit
1329 1331 1586 1372 praeconem
1615 1316 1830 1373 Polynicis

267 1391 419 1432 corpus
453 1377 626 1432 sepeliri
657 1379 877 1419 vetantem
909 1380 954 1418 et
983 1375 1243 1430 Antigonam
1276 1376 1408 1418 vetito
1439 1376 1696 1419 obst-antem.

384 1436 409 1478 J
413 1450 484 1478 am
514 1449 772 1491 quaeramus
803 1435 1086 1478 cohaereatne
1116 1435 1221 1478 haec
1253 1449 1382 1477 scena
1411 1450 1507 1478 cum
1538 1435 1831 1478 antecedenti-

266 1496 346 1538 bus
378 1499 509 1550 atque
542 1496 598 1537 sit
628 1509 804 1538 necesse
835 1498 885 1537 ut
922 1496 1212 1550 subsequatur
1258 1498 1387 1537 antea
1432 1498 1705 1550 praeparata.
1752 1493 1832 1537 Est

266 1569 394 1597 scena
438 1555 483 1597 in
529 1554 882 1597 antecedentibus
929 1553 1037 1597 adeo
1084 1569 1171 1597 non
1215 1558 1474 1610 praeparata
1518 1557 1569 1596 ut
1620 1567 1715 1596 eam
1745 1568 1831 1597 non

266 1614 393 1656 modo
424 1629 509 1656 non
542 1617 850 1670 exspectemus,
891 1614 967 1656 sed
997 1614 1050 1656 iis
1082 1628 1136 1656 ne
1157 1613 1520 1656 accommodatam
1541 1613 1716 1667 quidem
1737 1627 1831 1657 esse

267 1688 530 1717 censeamus.
593 1673 649 1715 Et
678 1674 864 1729 primum
896 1673 948 1715 de
980 1674 1134 1715 nuntio
1181 1677 1248 1715 est
1279 1672 1508 1715 dicendum
1544 1672 1619 1727 qui
1648 1671 1831 1716 fratrum

265 1748 413 1776 necem
458 1733 721 1788 pronuntiat.
785 1731 979 1786 Namque
1026 1746 1253 1788 possumus
1300 1746 1474 1787 sperare
1520 1745 1619 1774 eum
1664 1732 1738 1786 qui
1775 1732 1833 1774 sit

267 1808 290 1835 e
321 1793 617 1835 Thebanorum
648 1807 826 1835 numero
857 1792 980 1834 nobis
1013 1792 1066 1834 de
1098 1792 1253 1834 civium
1283 1792 1327 1833 in
1358 1791 1515 1834 fratres
1547 1791 1700 1833 animis
1727 1790 1831 1846 quid

267 1866 360 1895 esse
401 1852 633 1894 dicturum:
673 1852 790 1894 illius
828 1852 969 1894 verbis
1005 1851 1250 1907 hujusmodi
1279 1855 1409 1906 poeta
1439 1850 1660 1906 aptissime
1690 1851 1832 1906 potuit

267 1912 507 1966 significare
554 1925 809 1966 praeconem
846 1911 1062 1965 quendam
1094 1911 1307 1966 Polynicis
1347 1924 1501 1965 corpus
1532 1909 1706 1965 sepeliri
1737 1923 1831 1953 esse

266 1972 511 2013 vetiturum.
546 1970 689 2012 Etiam
709 1970 938 2013 Welkerus
961 1984 1221 2024 quamquam
1242 1983 1414 2012 scenam
1435 1969 1489 2011 ab
1512 1970 1606 2024 ipso
1621 1969 1831 2025 Aeschylo

267 2031 543 2086 compositam
575 2045 664 2072 esse
697 2034 852 2081 censet,
886 2033 1033 2072 tamen
1063 2029 1326 2084 vituperavit
1366 2031 1540 2084 poetam
1571 2028 1687 2083 quod
1721 2027 1830 2071 illud

265 2105 350 2132 non
381 2090 550 2132 fecisset
582 2089 670 2145 (Kl.
703 2089 820 2132 Schr.
853 2089 928 2131 Th.
960 2089 1016 2131 II.
1049 2104 1091 2144 p.
1128 2086 1245 2144 141).

384 2149 450 2191 Ex
480 2149 620 2192 verbis
650 2149 792 2204 potius
812 2148 982 2190 traditis
1013 2148 1210 2190 dubitare
1242 2162 1328 2190 non
1358 2161 1578 2202 possumus
1606 2147 1709 2201 quin
1731 2160 1830 2189 con-

265 2208 373 2250 fidat
410 2209 584 2250 nuntius
629 2223 715 2250 non
760 2207 887 2250 modo
934 2207 1154 2250 Eteoclem
1199 2206 1274 2249 sed
1321 2207 1454 2249 etiam
1491 2205 1737 2262 Polynicem
1777 2206 1831 2248 iri

265 2267 481 2324 sepultum
511 2269 556 2310 in
588 2271 705 2310 terra
734 2267 888 2323 patria.
922 2266 1119 2321 Namque
1150 2266 1215 2308 his
1246 2267 1385 2308 verbis
1416 2266 1554 2307 utitur
1583 2266 1629 2308 in
1658 2281 1698 2308 v.
1722 2266 1828 2308 800:

618 2326 749 2373 ἕξουσι
779 2326 815 2367 δ’
846 2326 894 2384 ἢν
924 2326 1099 2380 λάβωσιν
1132 2323 1174 2367 ἐν
1205 2327 1318 2382 ταφῇ
1340 2323 1491 2382 χθόνα.

267 2386 388 2428 Idem
420 2390 485 2429 est
511 2386 794 2442 judicandum
815 2386 868 2428 (16
891 2386 1008 2428 chori
1029 2386 1243 2440 virginum
1264 2385 1426 2426 animis.
1476 2383 1562 2426 Sed
1581 2384 1831 2439 priusquam

266 2446 346 2488 hac
377 2445 431 2488 de
462 2460 509 2488 re
543 2446 763 2502 disputare
794 2459 984 2501 pergam,
1017 2458 1155 2501 pauca
1184 2448 1284 2486 sunt
1313 2442 1632 2499 praemittenda
1657 2442 1712 2490 (16
1732 2456 1830 2498 per-

267 2505 378 2547 sonis
408 2505 523 2547 illius
554 2506 708 2548 cantici
755 2505 870 2560 quod
900 2505 1011 2547 hanc
1041 2504 1098 2547 ad
1130 2504 1422 2558 quaestionem
1452 2502 1642 2558 pertinet
1685 2501 1830 2544 distri-

265 2565 458 2607 buendis.
520 2564 692 2608 Etenim
738 2564 934 2607 nonnulli
978 2565 1238 2619 interpretes
1274 2566 1413 2605 totum
1450 2562 1676 2613 canticum,
1714 2560 1831 2616 quod

267 2628 332 2666 est
362 2639 389 2666 a
418 2640 457 2666 v.
483 2625 567 2666 853
599 2638 734 2678 usque
765 2624 821 2666 ad
853 2640 891 2667 v.
917 2625 1015 2675 933,
1049 2624 1107 2665 sic
1138 2623 1360 2665 tibuerunt
1390 2621 1517 2664 choro
1562 2624 1613 2663 ut
1641 2593 1830 2675 singulas

266 2683 538 2739 stropharum
567 2684 801 2739 particulas
831 2683 1100 2726 hemichoriis
1132 2681 1298 2724 darent.
1362 2681 1473 2723 Huic
1508 2683 1655 2723 autem
1686 2679 1830 2722 distri-

266 2743 433 2785 butioni
479 2743 651 2785 obstant
696 2757 877 2797 magnae
926 2741 1214 2785 difficultates.
1278 2740 1450 2783 Etenim
1494 2740 1680 2795 primum
1709 2738 1831 2781 nulla

267 2802 523 2868 conspicitur
554 2815 682 2845 causa
712 2816 786 2844 cur
813 2802 964 2844 chorus
1001 2801 1139 2844 (11163
1127 2814 1172 2842 111
1193 2804 1337 2856 partes
1359 2799 1644 2842 discernatur:
1678 2797 1831 2841 eodem

267 2861 410 2902 animo
442 2875 588 2903 omnes
619 2862 804 2916 virgines
834 2861 985 2915 lugent
1007 2865 1051 2903 et
1071 2860 1288 2902 Eteoclem
1311 2863 1355 2902 et
1374 2858 1452 2901 Pol
1453 2858 1641 2914 ynicem3
1672 2856 1830 2900 deinde

267 2920 301 2961 si
333 2935 400 2962 vv.
425 2920 658 2962 853—856
681 2921 807 2963 alteri
828 2920 1086 2963 hemichorio
1109 2920 1412 2970 tribuerentur,
1445 2917 1572 2960 alteri
1593 2932 1658 2959 vv.
1682 2917 1826 2959 857-

270 2980 369 3031 858,
402 2993 487 3020 non
519 2979 620 3022 satis
650 2980 835 3035 intelligi
857 2980 1022 3022 monuit
1043 2979 1222 3021 Weilius
1252 2993 1328 3021 cur
1357 2977 1431 3021 ille
1462 2979 1658 3019 uteretur
1683 2975 1830 3019 metris
