1858 3320
685 227 976 269 -31-

137 361 205 408 nt;
249 362 342 400 tum
378 360 472 414 ipse
510 359 650 400 exitus
682 359 719 399 si
750 357 1067 413 comparabitur
1105 356 1259 398 ceteris
1298 370 1393 398 cum
1439 355 1611 406 fabulis,

102 418 166 458 ‘us
212 422 365 472 poetae
411 418 582 471 ingenio
629 421 759 471 atque
792 421 885 458 arte
923 416 994 459 vix
1024 415 1198 458 videtur
1244 415 1414 469 dignus.
1493 415 1613 458 Haec

0 464 39 516 let
74 477 193 518 mnia
223 478 283 519 sic
304 477 408 519 mihi
439 480 638 519 constant
667 480 716 518 ut
748 475 949 530 equidem
980 475 1131 529 quovis
1153 475 1332 529 pignore
1355 474 1614 517 contendam

0 538 39 579 gn»
72 549 222 578 cenam
254 540 362 592 post>
381 536 583 591 Aeschyli
613 540 810 590 tempora
841 549 936 577 esse
967 534 1174 576 additam.

0 598 36 634 'en
166 595 263 637 Huc
299 595 510 638 accedunt
555 609 624 637 res
670 608 832 650 paucae
886 607 996 648 quae
1043 594 1238 648 quamvis
1285 593 1403 636 leves
1435 606 1514 648 per
1552 606 1611 644 se,

1 659 35 692 un
94 667 193 696 men
225 654 420 710 adjectae
452 655 591 697 causis
622 654 708 696 illis
741 654 1003 708 gravissimis
1024 667 1168 695 meum
1195 652 1406 708 judicium
1437 652 1612 694 firmare

0 718 33 758 lun
77 712 289 756 'deantur.
341 713 609 768 Quamquam
640 714 774 768 igitur
802 717 845 755 et
873 714 966 768 ipse
988 711 1225 768 Aeschylus
1258 711 1375 766 quod
1404 712 1613 766 exemplis

0 778 32 811 2¹1⁸
76 775 191 815 otest
212 772 511 823 demonstrari,
535 774 596 815 sic
617 774 759 828 potuit
779 785 985 828 personas
1006 771 1257 827 producere,
1280 775 1330 813 ut
1350 770 1613 813 adventuras

0 837 30 870 ³1⁸
73 835 178 874 ntea
221 845 307 874 non
353 832 632 886 significaret,
682 836 826 874 tamen
873 831 1132 874 offendimur
1174 830 1290 885 quod
1327 830 1407 873 hoc
1438 830 1614 884 quidem

0 897 28 926 1³·
62 904 138 933 oco
184 892 245 934 sic
282 891 479 946 procedit
526 905 703 946 praeco,
753 891 1007 946 praesertim
1055 905 1151 932 cum
1197 893 1375 945 propter
1420 890 1615 945 proxima

0 957 26 988 ’Β
47 963 242 991 sororum
263 951 395 992 verba
416 964 592 1004 prorsus
609 964 694 991 non
713 954 988 1005 exspectetur
1008 949 1137 991 ullius
1159 963 1369 1004 personae
1386 949 1612 991 adventus

0 1003 24 1048 ibi
83 1022 180 1050 orro
211 1008 412 1063 equidem
439 1009 544 1051 mihi
576 1009 724 1052 videor
755 1009 840 1050 duo
871 1009 1085 1051 invenisse
1114 1009 1298 1063 vestigia
1329 1022 1440 1064 quae
1468 1011 1613 1050 osten-

0 1078 23 1108 σι
46 1067 157 1110 dunt
188 1081 341 1110 scenae
373 1067 487 1110 illius
520 1069 685 1111 auctori
707 1072 885 1124 propter
914 1068 1049 1124 ipsius
1071 1067 1270 1124 Aeschyli
1303 1082 1475 1110 carmen
1506 1068 1612 1109 satis

0 1128 22 1166 nl
46 1130 187 1169 arctos
218 1128 327 1169 fines
372 1127 504 1170 fuisse
551 1129 893 1183 circumscriptos
946 1128 991 1169 in
1030 1128 1185 1182 quibus
1227 1142 1352 1170 suum
1392 1128 1612 1181 ingenium

0 1195 19 1226 λε
45 1190 194 1242 posset
225 1201 438 1229 exercere.
502 1187 674 1229 Etenim
705 1188 889 1242 primum
921 1200 1076 1242 praeco
1107 1201 1192 1228 non
1224 1188 1478 1243 pronuntiat
1509 1201 1612 1242 sup-

44 1245 218 1301 plicium
268 1246 384 1301 quod
414 1247 451 1288 is
482 1246 651 1288 laturus
682 1247 780 1298 sit„
807 1247 843 1288 si
874 1247 971 1302 quis
1011 1247 1318 1301 contempserit
1365 1250 1612 1288 senatorum

46 1306 247 1347 vetitum:
289 1306 428 1348 altera
459 1320 511 1348 cx
543 1310 665 1361 parte
697 1305 989 1348 demonstravi
1020 1310 1065 1348 et
1100 1305 1243 1361 ipsum
1279 1319 1537 1360 praeconem
1569 1309 1613 1347 et

0 1376 15 1405 s:
45 1364 306 1418 Antigonam
352 1370 396 1408 et
439 1365 614 1407 chorum
652 1364 706 1407 de
754 1366 873 1419 gravi
921 1364 1108 1419 quodam
1153 1365 1359 1420 supplicio
1407 1366 1610 1420 cogitare.

0 1437 13 1461 ru
47 1422 133 1466 Suo
163 1425 297 1478 igitur
330 1425 426 1480 jure
459 1425 553 1478 quis
584 1428 766 1480 quaeret
796 1439 872 1467 cur
901 1428 1030 1480 poeta
1060 1424 1316 1479 supplicium
1347 1424 1455 1466 illud
1486 1438 1612 1480 prae-

0 1495 12 1523 [ι
45 1497 195 1525 conem
241 1487 389 1538 aperte
435 1484 706 1526 minitantem
743 1497 830 1525 non
861 1483 1031 1532 fecerit:
1079 1483 1182 1525 mihi
1219 1483 1394 1539 quidem
1425 1498 1451 1525 a
1483 1487 1613 1539 poeta

45 1556 114 1584 res
147 1556 199 1584 ea
229 1542 282 1585 de
315 1556 443 1584 causa
468 1542 640 1585 videtur
671 1557 760 1585 esse
796 1544 1038 1586 intermissa
1071 1543 1186 1597 quod
1215 1544 1308 1599 ipse
1335 1544 1611 1599 persensisset

0 1613 8 1642 ι
44 1615 134 1644 sese
169 1615 308 1656 poena
327 1602 403 1644 illa
423 1603 563 1645 verbis
594 1603 754 1657 apertis
785 1606 1118 1645 commemorata
1138 1607 1427 1658 spectatorum
1447 1604 1611 1645 animos

0 1681 6 1689 ·
44 1664 95 1702 ut
124 1661 169 1702 in
201 1666 395 1703 extrema
426 1661 601 1715 quidem
632 1662 829 1716 trilogiae
862 1661 1009 1704 fabula
1044 1662 1169 1704 nimis
1199 1676 1423 1718 suspensos
1453 1662 1609 1705 facere.

0 1733 6 1760 ι
44 1719 196 1762 Altera
241 1720 419 1763 offensio
466 1725 531 1763 est
569 1734 622 1763 ea
661 1722 706 1763 in
753 1735 799 1764 re
853 1721 969 1775 quod
1015 1720 1184 1763 Ismena
1221 1736 1392 1776 prorsus
1423 1722 1612 1770 abstinet

0 1794 3 1817 ι
47 1780 199 1822 verbis.
263 1779 458 1834 Namque
490 1781 692 1834 quoniam
729 1781 906 1823 dubium
938 1794 1027 1823 esse
1060 1795 1144 1822 non
1176 1785 1319 1836 potest
1349 1782 1452 1835 quin
1483 1785 1612 1837 poeta

0 1868 2 1876 .
45 1837 228 1880 alteram
273 1853 462 1882 sororem
503 1839 781 1895 sepelientem
812 1839 963 1882 fecerit
994 1840 1178 1882 alterum
1224 1839 1416 1892 fratrem,
1465 1845 1610 1883 nostro

42 1898 139 1954 jure
171 1903 464 1953 exspectamus
509 1898 628 1941 illam
675 1913 764 1942 esse
811 1899 1098 1955 professuram
1129 1914 1204 1942 cur
1244 1900 1367 1942 malit
1409 1902 1611 1956 prosequi

45 1955 284 2008 Eteoclem;
330 1957 405 2000 sed
453 1957 532 2000 hac
569 1958 622 2000 de
667 1973 713 2001 re
761 1958 869 2001 adeo
916 1962 1061 2002 servat
1106 1959 1323 2001 silentium
1377 1964 1427 2002 ut
1469 1963 1514 2002 et
1557 1974 1610 2003 ex

44 2016 284 2071 Antigonae
331 2017 488 2068 verbis,
537 2032 632 2060 cum
664 2018 779 2061 dicat
815 2032 906 2061 sese
944 2019 1025 2060 nisi
1071 2018 1179 2061 alius
1220 2019 1276 2060 sit
1314 2020 1608 2072 comitaturus,

44 2089 175 2118 unam
198 2075 391 2132 Polynici
412 2078 637 2132 exsequias
659 2091 748 2120 esse
769 2076 980 2121 facturam
1014 2077 1099 2133 (vv.
1127 2076 1453 2135 mlo—1014),
1489 2082 1534 2121 et
1557 2093 1608 2121 ex

43 2134 162 2177 chori
193 2135 313 2179 ducis
351 2137 564 2188 oratione,
613 2151 708 2179 cum
749 2151 847 2180 eum
878 2138 1003 2179 unius
1040 2141 1210 2179 tantum
1256 2139 1412 2180 sOroris
1444 2138 1609 2181 luctum

43 2196 229 2238 nancisci
274 2199 589 2247 commemoret,
638 2197 928 2252 conjecturam
959 2196 1101 2239 facere
1134 2196 1364 2239 debeamus
1396 2197 1609 2240 Ismenam

43 2253 317 2296 humaturam
348 2269 441 2297 esse
464 2254 695 2298 Eteoclem.
748 2256 870 2298 Idem
890 2256 1045 2298 suadet
1065 2256 1204 2298 altera
1225 2269 1324 2312 pars
1345 2255 1606 2313 Polynicem‚

0 2344 2 2353 ,
43 2313 183 2355 altera
229 2313 447 2357 Eteoclem
501 2329 777 2370 prosequens.
863 2315 949 2358 Sed
995 2330 1071 2358 cur
1117 2319 1247 2370 poeta
1297 2315 1415 2358 illam
1467 2318 1607 2359 verbis

0 2374 2 2406 ἕ
42 2373 257 2415 abstinere
284 2373 486 2416 maluerit
524 2376 749 2429 quaerenti
779 2374 886 2418 haec
917 2388 1050 2418 causa
1079 2376 1231 2430 opinor
1263 2375 1478 2418 videbitur
1508 2391 1607 2431 pro-

42 2431 214 2475 babilis:
262 2433 350 2488 ipse
382 2437 532 2477 auctor
577 2434 716 2476 noluit
761 2434 944 2489 prodere
976 2448 1020 2476 se
1058 2435 1198 2490 ipsum
1238 2434 1342 2488 quid
1379 2436 1606 2491 subjecisse

43 2492 221 2534 carmini
254 2492 485 2548 Aeschyleo
523 2497 655 2549 atque
691 2493 795 2535 fecit
831 2494 967 2536 tribus
998 2507 1051 2535 ex
1083 2494 1317 2545 actoribus,
1367 2508 1494 2549 quem
1527 2509 1607 2537 nu-

43 2563 208 2593 merum
239 2550 364 2606 hujus
395 2555 549 2606 poetae
582 2553 738 2594 rationi
770 2566 1010 2609 repugnare
1043 2566 1172 2607 supra
1203 2554 1306 2595 satis
1328 2555 1486 2604 notavi,
1521 2554 1606 2596 duo

43 2612 211 2652 tantum
243 2611 535 2665 colloquentes
566 2611 799 2655 secundum
823 2611 1021 2667 Aeschyli
1052 2626 1225 2665 morem,
1259 2614 1438 2655 tertium
1461 2616 1607 2655 autem

42 2669 261 2711 sitentium
293 2670 570 2713 obtinentem.

168 2728 335 2770 Deinde
381 2733 431 2771 ut
476 2743 612 2783 pauca
657 2730 932 2786 subjiciamus
979 2730 1032 2772 de
1080 2730 1249 2773 dicendi
1295 2745 1472 2786 genere,
1520 2746 1606 2774 non

43 2786 200 2829 desunt
230 2788 271 2829 in
313 2792 506 2830 extrema
550 2803 677 2831 scena
708 2803 819 2843 quae
866 2803 962 2831 cum
1008 2794 1101 2831 arte
1139 2791 1225 2832 sint
1270 2792 1523 2845 composita,
1557 2795 1607 2834 ut

43 2861 109 2888 vv.
131 2847 444 2897 1004-1009;
467 2852 511 2889 et
527 2863 593 2890 vv.
615 2850 919 2892 1026—1037.
959 2848 1190 2891 Sedtamen
1217 2851 1291 2904 qui
1307 2850 1481 2905 quidem
1502 2864 1605 2893 saue

39 2905 205 2961 judicet
237 2920 322 2948 non
355 2907 530 2961 negabit
560 2907 647 2949 alia
678 2922 816 2962 pauca
847 2907 1040 2962 profecta
1072 2923 1160 2951 esse
1189 2923 1216 2951 a
1236 2914 1365 2964 poeta
1395 2924 1479 2952 non
1501 2911 1604 2953 satis

42 2963 247 3019 perfecto.
327 2965 496 3008 Etenim
529 2970 578 3008 ut
608 2968 802 3009 omittam
835 2982 924 3009 esse
956 2969 996 3009 in
1037 2982 1165 3010 scena
1210 2969 1417 3011 nonnulla
1459 2970 1604 3025 singu-
