1858 3320
717 229 1007 271 „47-

15 360 20 405 j
81 376 231 405 versas
277 360 417 403 Prom.
449 359 624 403 fabulae
672 374 765 402 esse
803 360 997 402 fictiones
1035 372 1197 414 easque
1235 359 1432 400 inventas
1465 357 1646 399 diversis

0 422 17 448 ³
41 450 45 454 <
80 422 345 477 temporibus
377 421 705 463 demonstraret.

15 502 17 504 ·
44 518 52 524 v„
199 480 225 523 J
230 495 300 523 am
329 494 472 536 pauca
504 479 662 521 addam
710 478 764 521 de
801 478 1057 521 formatione
1094 491 1296 520 versuum
1333 477 1646 520 trimetrorum:

0 553 11 570 s
40 539 55 587 ἶ
82 541 240 583 etenim
270 539 545 595 Wesphalius
592 553 689 580 cum
734 539 779 580 in
826 539 968 594 operis
1006 538 1173 580 metrici
1209 537 1290 580 vol.
1313 536 1370 579 II.
1402 552 1445 592 p.
1466 535 1649 578 XLVIII

12 607 13 610 ’
44 631 55 638 .,
81 603 254 642 notaret
283 600 327 641 111
349 600 528 642 canticis
551 613 644 641 esse
666 612 867 640 numeros
884 597 1084 654 Aeschyli
1105 602 1199 640 arte
1219 596 1434 651 indignos,
1468 594 1518 638 G.
1538 595 1648 638 Her-

80 673 287 701 mannum
334 663 506 701 secutus
553 659 706 700 statuit
752 659 883 700 etiam
927 659 973 699 in
1019 658 1224 700 trimetris
1271 656 1518 712 discrepare
1563 669 1649 697 non

10 721 13 724 ’
38 755 40 758 ,
80 732 223 774 pauca
255 719 310 760 ab
340 718 469 774 hujus
499 722 655 772 poetae
687 718 861 759 normis.
926 716 1011 759 Sed
1049 717 1153 759 mihi
1192 715 1368 772 quidem
1402 715 1485 757 hac
1517 715 1570 757 de
1601 729 1648 757 re

3 798 6 803 ·
41 790 49 830 j
81 778 250 820 cautius
282 778 420 832 egisse
453 777 624 820 videtur
653 776 943 819 Weckleinius
967 781 1011 819 et
1030 777 1076 818 in
1098 776 1201 818 edit.
1222 775 1469 832 prolusione
1492 773 1554 832 (p.
1572 772 1649 832 23)

53 876 55 879 ,
81 841 125 880 et
168 838 214 879 in
258 837 653 893 interpretamentis
700 837 894 879 versibus
940 836 1118 891 singulis
1150 836 1414 891 subscriptis,
1446 848 1650 877 manasse

4 936 5 939 ,
46 915 51 917 ·
81 895 398 952 discrepantias
435 911 487 938 ex
525 895 734 950 singulari
771 895 948 938 fabulae
978 895 1136 937 indole.
1198 895 1311 937 Nam
1342 899 1391 937 ut
1416 894 1564 937 'dicam
1595 894 1649 936 de

39 968 42 970 ’
79 956 239 1012 pedum
272 955 537 1010 singulorum
567 954 793 1009 qualitate,
827 954 990 997 habent
1018 955 1225 998 tredecim
1244 969 1395 997 versus
1418 969 1470 997 ex
1492 954 1649 1009 quibus

26 1025 31 1056 ῖ
79 1029 191 1057 1111118
224 1016 308 1058 803
340 1015 490 1070 incipit
520 1029 573 1057 ex
604 1015 775 1057 nomine
806 1015 992 1070 proprio,
1034 1018 1295 1070 anapaestos
1335 1014 1410 1069 qui
1441 1018 1651 1056 vocantur

80 1074 261 1130 cyclicos
293 1072 475 1132 (Weckl.
509 1090 550 1130 p.
575 1073 663 1127 23).
726 1074 817 1116 Hos
851 1078 1111 1130 anapaestos
1145 1073 1200 1115 ab
1233 1073 1444 1129 Aeschylo
1475 1077 1651 1129 praeter

78 1148 213 1176 unum
246 1133 362 1190 Sept.
395 1133 570 1176 fabulae
601 1149 641 1176 v.
675 1135 760 1176 522
793 1148 879 1175 non
909 1148 1002 1176 esse
1024 1134 1187 1189 positos
1208 1133 1292 1175 nisi
1313 1134 1451 1189 primo
1472 1134 1518 1175 in
1537 1132 1649 1189 pede

26 1196 31 1211 ³
81 1193 290 1236 Christius
315 1193 540 1236 adnotavit
560 1194 605 1235 in
628 1194 734 1235 artis
755 1194 959 1236 metricae
981 1209 1023 1249 p.
1043 1194 1148 1236 526:
1180 1192 1294 1235 hunc
1317 1192 1502 1235 eundem
1522 1207 1650 1235 usum

27 1251 37 1300 ’,
80 1253 314 1296 ostendunt
359 1252 501 1295 Prom.
540 1252 714 1295 fabulae
753 1252 952 1309 exempla
989 1253 1145 1296 omnia.
1214 1252 1382 1295 Deinde
1421 1253 1651 1308 anapaesti

78 1312 142 1354 illi
174 1327 200 1355 a
232 1312 440 1369 Sophocle
473 1317 518 1355 et
547 1312 754 1368 Euripide
786 1326 917 1368 saepe
950 1313 1011 1354 sic
1042 1316 1144 1354 sunt
1173 1311 1350 1354 formati
1369 1316 1418 1354 ut
1438 1312 1651 1355 haberent

29 1371 31 1374 ’
80 1371 272 1428 syllabas
311 1371 560 1415 vocularum
596 1371 803 1427 plurium;
842 1372 919 1414 sed
950 1371 1189 1427 Aeschylus
1222 1372 1304 1414 sibi
1335 1372 1508 1427 scripsit
1537 1371 1650 1414 hanc

21 1444 35 1480 ς·
78 1431 218 1485 legem
249 1446 481 1486 nunquam
502 1431 751 1474 violandam
781 1435 831 1474 ut
860 1432 905 1474 in
936 1446 1139 1475 versuum
1172 1431 1384 1487 ejusmodi
1419 1432 1541 1474 initio
1571 1446 1649 1487 po-

78 1496 203 1534 neret
232 1491 444 1534 vocabula
473 1491 542 1534 vel
572 1495 661 1534 tres
682 1491 752 1534 vel
771 1491 918 1547 plures
941 1491 1132 1547 syllabas
1156 1491 1481 1547 amplectentia:
1516 1492 1650 1534 etiam

19 1574 28 1605 52
78 1550 187 1594 haec
217 1550 287 1593 le'x
318 1550 558 1606 Aeschylea
590 1565 758 1605 semper
789 1555 855 1593 est
887 1555 1062 1594 servata
1091 1555 1243 1593 nostra
1273 1551 1319 1593 in
1338 1550 1502 1593 fabula.
1549 1550 1651 1593 Jam

20 1615 28 1661 ξ’
78 1625 133 1653 110
165 1611 260 1664 quis
287 1610 468 1653 haereat
488 1611 533 1652 in
554 1615 712 1665 magno
733 1625 935 1653 versuum
957 1610 1168 1666 ejusmodi
1189 1625 1368 1653 numero
1387 1635 1438 1640 -
1460 1624 1649 1665 namque

21 1675 35 1722 ⁴.-
80 1685 132 1713 ex
165 1669 372 1726 exemplis
404 1670 597 1724 triginta,
632 1684 744 1724 quae
776 1674 953 1726 praeter
982 1684 1134 1713 versus
1172 1685 1253 1712 usu
1291 1671 1512 1713 nominum
1549 1684 1649 1726 pro-

23 1773 31 1779 ,
78 1730 268 1785 priorum
315 1734 542 1772 excusatos
575 1734 677 1772 sunt
713 1730 758 1771 in
789 1729 990 1785 Aeschyli
1020 1729 1271 1784 tragoediis,
1305 1729 1520 1772 debentur
1549 1730 1650 1772 huic

19 1839 21 1841 ¹
77 1788 253 1832 fabulae
300 1789 527 1832 duodecim
563 1786 747 1845 (Weckl.
778 1805 821 1844 p.
845 1787 922 1846 23)
969 1816 1023 1822 —
1071 1790 1201 1846 pauci
1236 1789 1400 1832 habent
1435 1790 1573 1845 primo
1605 1790 1650 1831 in

18 1868 35 1904 3·
77 1848 188 1904 pede
219 1849 432 1891 vocabula
463 1862 576 1903 quae
607 1849 700 1891 sine
731 1848 907 1891 licentia
937 1850 1118 1892 metrica
1148 1850 1194 1891 in
1218 1862 1419 1891 numeros
1441 1850 1647 1892 iambicos

16 1914 24 1931 ‘-
78 1922 253 1964 prorsus
286 1923 371 1950 non
402 1912 637 1964 potuerunt
668 1908 822 1963 redigi:
856 1909 917 1951 sic
948 1924 986 1951 v.
1009 1910 1094 1952 357
1130 1923 1182 1951 ex
1213 1908 1424 1951 vocabulo
1459 1906 1647 1962 »ἑκατογ-

12 1963 29 2006 1'
78 1967 291 2023 ,capavum
335 1984 400 2011 vv.
425 1968 466 2010 6.
496 1968 553 2010 64
598 1982 650 2010 ex
683 1982 768 2011 uno
800 1968 1038 2023 eodemque
1071 1967 1279 2011 vocabulo
1315 1965 1646 2023 »ddasravre'vwv«

4 2027 26 2051 ³
77 2027 301 2083 incipiunt.
364 2026 600 2070 Praeterea
632 2027 794 2070 habent
823 2043 890 2070 vv.
919 2029 1141 2071 370.·720
1173 2029 1311 2082 primo
1343 2028 1388 2069 in
1420 2028 1530 2084 pede
1561 2027 1649 2070 for-

17 2128 20 2133 ,
78 2100 172 2128 mas
204 2086 398 2142 ejusdem
428 2087 611 2129 nominis
648 2084 892 2143 »xopvpae'«,
931 2103 996 2130 vv.
1021 2088 1091 2130 89.
1125 2089 1210 2130 372
1249 2086 1415 2130 formas
1455 2087 1651 2144 ejusdem

21 2190 24 2201 5
78 2146 263 2189 nominis
295 2144 480 2201 ποταμυίε
530 2160 642 2202 quac
675 2146 981 2190 vocabulorum
1013 2146 1248 2190 eorundem
1284 2147 1514 2190 iteratione
1546 2147 1651 2190 mihi

19 2207 22 2208 ⁷
79 2205 255 2261 quidem
287 2205 579 2260 exemplorum
601 2220 805 2249 numerus
826 2207 961 2249 minui
981 2206 1165 2250 videtur.
1214 2206 1348 2250 Porro
1371 2207 1456 2249 duo
1478 2211 1651 2250 tantum

79 2279 228 2307 versus
259 2263 380 2325 (1Q6.
413 2264 521 2323 665)
552 2266 763 2322 incipiunt
794 2280 846 2308 ex
876 2266 988 2321 pede
1019 2271 1107 2309 tres
1140 2266 1333 2322 syllabas
1373 2267 1525 2310 breves
1559 2281 1649 2309 am-

79 2324 293 2380 plectente
325 2325 385 2367 sic
415 2329 464 2367 ut
495 2340 586 2367 mos
619 2325 894 2382 Aeschyleus,
937 2340 990 2368 ex
1022 2340 1107 2380 quo
1140 2330 1242 2368 sunt
1272 2325 1468 2382 syllabae
1501 2341 1648 2370 omnes

80 2385 206 2426 unius
223 2384 502 2440 ejusdemque
524 2385 734 2437 vocabuli,
757 2399 934 2441 prorsus
957 2387 1196 2428 retineatur
1218 2385 1394 2442 (Christ.
1418 2390 1498 2428 art.
1522 2390 1646 2429 metr.

79 2458 120 2499 p.
144 2433 232 2487 3253
263 2444 344 2486 sub
376 2445 416 2494 2,
451 2448 494 2487 et
523 2444 687 2487 Weckl.
720 2461 758 2487 v.
785 2446 868 2488 116
908 2443 1153 2502 interpret).
1220 2444 1325 2487 Tum
1371 2449 1420 2488 ut
1463 2446 1508 2487 in
1554 2447 1649 2488 uni-

80 2517 251 2546 versum
297 2504 434 2557 primo
470 2504 515 2546 in
557 2504 667 2560 pede
699 2505 919 2547 rarissime
953 2505 1008 2547 ab
1040 2504 1251 2560 Aeschylo
1282 2505 1416 2547 iambi
1447 2504 1540 2548 loco
1571 2520 1650 2561 po-

7 2562 13 2606 j
79 2563 197 2605 nitur
218 2562 430 2617 dactylus,
465 2564 525 2605 sic
558 2568 624 2606 081
656 2564 737 2606 hac
768 2564 813 2606 in
847 2563 997 2606 fabula
1019 2578 1150 2606 unum
1174 2564 1386 2619 ejusmodi
1407 2564 1651 2620 exemplum

7 2627 10 2636 ²
80 2619 139 2678 (v.
163 2620 280 2678 728),
315 2622 430 2676 quod
462 2622 704 2678 exemplum
737 2627 967 2666 excusatur
998 2638 1078 2666 usu
1100 2624 1283 2666 nominis
1305 2624 1480 2680 proprii.
1529 2623 1650 2666 Unus

9 2719 11 2722 .
82 2685 227 2723 autem
259 2695 408 2724 versus
440 2679 566 2737 (713)
598 2683 643 2724 in
677 2682 813 2725 altero
844 2682 954 2738 pede
985 2687 1075 2725 tres
1106 2683 1239 2725 habet
1277 2683 1466 2739 syllabas
1497 2683 1650 2727 breves

2 2743 7 2760 ³
81 2754 243 2795 easque
291 2741 351 2782 sic
398 2740 654 2783 distributas
700 2746 749 2784 ut
784 2742 903 2798 prior
941 2741 1109 2797 syllaba
1141 2743 1197 2784 sit
1227 2742 1424 2785 vocabuli
1457 2742 1649 2795 alterius,

10 2846 11 2849 Ἴ
83 2798 260 2842 alterius
308 2804 500 2850 0010111ος
549 2800 663 2843 adde
712 2801 827 2855 quod
868 2802 1000 2843 etiam
1031 2801 1100 2844 hic
1131 2816 1207 2857 pes
1240 2801 1427 2845 efficitur
1458 2817 1539 2845 usu
1572 2818 1650 2845 no-

4 2874 10 2912 2
80 2859 207 2900 minis
239 2859 437 2913 ejusdam
468 2860 629 2915 proprii
661 2858 766 2916 (vid.
801 2859 962 2903 Weckl.
986 2875 1096 2903 vers.
1119 2861 1235 2903 illius
1256 2860 1514 2919 interpret.)
1565 2862 1650 2905 Sed

3 2963 6 2968 ¹
81 2918 197 2960 tertii
229 2919 360 2962 iambi
392 2917 484 2961 loco
516 2919 766 2974 saepissime
789 2921 962 2975 ponitur
990 2920 1045 2963 ab
1067 2920 1278 2977 Aeschylo
1310 2922 1377 2964 vel
1406 2922 1651 2964 tribrachus

11 2979 14 2981 ’
83 2976 148 3020 vel
195 2977 309 3032 quod
354 2979 485 3020 etiam
532 2979 708 3034 saepius
755 2980 804 3022 fit
850 2978 1048 3036 dactylus
1089 2979 1265 3035 (Christ.
1298 2996 1339 3036 p.
1363 2982 1449 3023 324
1483 2981 1646 3024 Weckl.
