1858 3320
885 198 1175 239 „33-

250 330 401 384 Neque
423 329 562 371 minus
583 329 648 370 vir
670 328 820 370 doctus
843 330 909 370 est
930 327 1134 382 deceptus
1163 342 1259 370 cum
1280 330 1492 370 statueret
1510 327 1795 371 Prometheun
1845 365 1857 384 u

249 390 402 444 ipsum,
437 402 533 431 cum
563 388 639 431 illo
671 387 1000 442 colloquentem,
1033 400 1210 442 prorsus
1240 386 1423 429 inscium
1456 400 1545 430 esse
1576 401 1722 430 rerum
1747 386 1795 431 fu
1844 379 1857 406 ¹¹

249 452 465 491 turarum:
499 461 685 502 namque
707 463 773 489 vv.
796 446 998 489 371-37
1006 446 1044 497 6,
1076 447 1149 500 qui
1170 446 1440 500 apertissime
1462 446 1698 489 ostendunt
1717 460 1800 490 eun
1847 438 1858 466 ³

250 508 411 550 virtute
457 507 533 549 illa
569 507 792 561 insignem,
840 510 993 560 postea
1023 505 1193 547 additos
1225 519 1316 548 esse
1347 505 1501 548 statuit
1529 520 1571 560 p.
1595 506 1666 549 63.
1729 505 1802 549 Se(

252 567 444 622 quamvis
491 567 748 609 narrationis
803 579 913 620 quae
976 569 1040 607 est
1086 564 1140 607 de
1186 564 1388 620 Typhone
1443 568 1488 608 et
1546 565 1804 620 potissimun
1855 618 1858 622 ἦ

251 642 290 669 v.
320 627 406 669 364
439 626 620 669 colorem
655 639 682 667 a
712 624 958 668 Promethei
989 637 1175 679 persona
1205 624 1399 667 nonnihil
1427 623 1658 667 abhorrere
1685 627 1808 680 atque
1856 628 1858 644 ³

253 686 563 741 discrepantias
609 685 669 727 sic
717 684 998 726 declarandas
1047 698 1139 726 esse
1171 683 1326 726 Weilio
1373 683 1605 726 concedam
1641 686 1691 726 ut
1722 697 1812 727 eam

252 760 338 788 non
384 749 475 787 tam
522 744 750 787 cohaerere
784 758 881 786 cum
913 744 1047 787 totius
1079 743 1287 786 orationis
1319 743 1495 786 consilio
1526 747 1658 799 atque
1690 757 1799 798 argu

252 808 398 847 mento
431 818 560 859 quam
581 808 757 858 propter
788 817 935 846 recens
968 803 1185 857 quoddam
1208 803 1374 845 Aetnae
1404 802 1651 846 incendium
1681 803 1815 845 inser-

253 869 343 906 tam
376 878 468 906 esse
498 863 699 919 judicem,
734 867 880 905 tamen
908 862 1088 905 alterius
1115 863 1197 905 viri
1226 863 1337 905 ratio
1359 862 1465 904 mihi
1494 861 1669 917 quidem
1695 861 1794 905 vald

255 923 470 978 displicet:
521 923 679 965 etenim
717 938 784 965 vv.
808 923 895 965 369
935 926 979 964 et
1010 923 1097 964 370
1129 926 1306 976 propter
1342 921 1552 964 vocabula
1586 919 1820 976 »ἰπούμενος

250 981 417 1040 ῥίζαισιν
458 980 560 1021 bna«
605 986 648 1024 et
690 982 915 1037 »κορυφαῖς
943 980 979 1021 δ’
1012 980 1056 1021 ἐν
1087 978 1253 1038 ἄκραις«
1307 981 1422 1023 inter
1452 995 1497 1024 Se
1530 981 1729 1036 opposita
1758 980 1822 1024 ita.

254 1057 346 1085 sese
370 1042 587 1096 excipiunt
609 1045 658 1083 ut
677 1041 758 1093 hic,
794 1041 910 1096 quod
932 1041 1006 1083 alii
1026 1041 1256 1083 voluerunt
1275 1041 1545 1096 interpretes,
1578 1054 1633 1094 ne
1659 1040 1822 1083 vicibus

256 1103 430 1157 quidem
475 1115 753 1156 personarum
802 1101 859 1142 sit
905 1101 1034 1151 locus,
1081 1100 1213 1142 immo
1253 1101 1336 1143 duo
1374 1114 1524 1143 versus
1553 1114 1640 1143 uno
1671 1103 1821 1143 tenore

254 1163 371 1204 fusos
415 1161 681 1215 scriptosque
727 1174 818 1202 esse
857 1162 1077 1215 appareat.
1155 1159 1320 1202 Deinde
1353 1163 1417 1202 est
1453 1159 1499 1202 in
1535 1175 1575 1202 v.
1613 1160 1700 1202 376
1747 1173 1821 1202 vo-

256 1221 417 1263 cabulis
455 1220 667 1276 »κεραυνῷ
698 1218 830 1275 Ζηνὸς
848 1217 1187 1276 ἦνιῖρακῳιιέν()ς«
1215 1234 1291 1262 cur
1313 1220 1485 1262 omnino
1505 1218 1698 1274 potuerit
1716 1218 1823 1262 haec

256 1280 310 1322 de
355 1279 557 1336 Typhone
603 1279 750 1322 fabula
797 1279 915 1321 addi:
964 1293 1150 1333 namque
1187 1283 1238 1321 ut
1268 1279 1314 1320 in
1345 1279 1605 1321 narrationis
1636 1277 1822 1321 insertae

257 1340 374 1382 exitu
405 1339 623 1394 aptissime
656 1338 813 1380 dicitur
842 1338 912 1381 hic
944 1352 1030 1381 non
1062 1339 1204 1380 minus
1235 1338 1468 1381 crudeliter
1503 1352 1531 1381 a
1559 1337 1666 1381 Jove
1697 1338 1822 1393 puni·

256 1403 326 1441 tus
375 1412 468 1440 esse
516 1412 646 1453 quam
691 1398 813 1439 Atlas
860 1401 904 1440 et
949 1399 1039 1453 ipse
1086 1398 1383 1440 Prometheus
1446 1398 1580 1440 Porro
1617 1395 1824 1452 fugerunt

255 1458 523 1501 Kolischium
544 1473 610 1500 vv.
634 1458 889 1500 379-380:
925 1458 1083 1500 etenim
1106 1458 1244 1512 quivis
1265 1461 1468 1512 agnoscet
1499 1458 1680 1500 obscure
1712 1457 1823 1499 allu-

257 1518 359 1560 dere
390 1517 586 1559 Titanem
617 1516 674 1558 ad
706 1530 827 1559 suam
857 1516 1061 1572 Jovisque
1107 1517 1515 1560 reconciliationem.
1595 1516 1681 1559 Sed
1717 1530 1824 1572 quo·

256 1577 384 1619 modo
432 1577 489 1618 sit
534 1575 696 1618 factum
741 1579 791 1617 ut
841 1579 971 1631 poeta
1017 1591 1116 1619 eum
1154 1576 1234 1619 hae
1264 1577 1309 1618 in
1342 1591 1471 1618 scena
1501 1576 1609 1618 nihil
1639 1576 1824 1631 amplius

255 1637 531 1691 apertiusque
553 1636 828 1689 profitentem
859 1636 1045 1690 fingeret
1077 1637 1128 1678 de
1159 1639 1274 1678 sorte
1305 1635 1454 1678 futura
1483 1635 1624 1687 facile,
1657 1636 1824 1690 perspi-

255 1697 379 1738 citur.
442 1694 552 1736 Nam
583 1695 663 1736 hac
694 1695 738 1736 in
770 1708 816 1736 re
849 1709 1017 1738 summa
1047 1709 1200 1738 scenae
1222 1696 1285 1737 vis
1308 1698 1374 1738 est
1393 1696 1537 1750 posita
1556 1699 1607 1738 ut
1627 1694 1825 1738 Oceanus

257 1756 404 1798 credat
433 1754 630 1810 precibus
662 1754 752 1796 suis
784 1768 831 1797 se
861 1768 989 1809 posse
1020 1756 1170 1798 sedare
1206 1755 1326 1798 Jovis
1371 1755 1494 1807 iram,
1540 1754 1826 1798 Prometheus

258 1818 416 1867 autem,
456 1828 543 1857 non
583 1813 699 1869 quod
737 1815 977 1869 respexerit
1006 1818 1184 1870 propter
1214 1813 1352 1856 fatum
1382 1829 1532 1870 preces
1562 1813 1671 1856 nihil
1700 1828 1825 1869 posse

255 1875 412 1926 valere,
462 1874 539 1917 sed
587 1873 679 1916 sola
717 1874 920 1929 superbia
948 1873 1188 1929 prohibitus
1218 1888 1304 1917 non
1335 1875 1530 1930 patiatur
1558 1877 1609 1917 ut
1639 1887 1717 1918 suo
1747 1887 1825 1917 no-

255 1935 370 1976 mine
402 1935 456 1976 ab
489 1947 539 1976 eo
571 1933 668 1988 quis
698 1935 903 1988 precetur
932 1934 1115 1976 veniam.
1748 1928 1751 1935 ’

374 1993 472 2036 Jam
504 1995 774 2036 transeamus
807 2007 902 2036 eam
934 1993 990 2035 ad
1022 2006 1194 2035 scenam
1229 2007 1316 2048 qua
1345 1993 1629 2036 Prometheus
1661 2007 1741 2035 sua
1771 1993 1826 2036 de

256 2053 497 2096 hominibus
543 2054 703 2095 merita
739 2053 975 2107 virginibus
1006 2053 1247 2095 accuratius
1278 2055 1448 2096 narrat:
1483 2061 1570 2108 qua
1598 2053 1645 2095 in
1675 2066 1826 2095 narra-

256 2113 374 2155 tione
421 2112 699 2167 repredendit
745 2113 811 2155 vir
857 2112 1006 2155 doctus
1045 2113 1159 2167 quod
1195 2115 1426 2167 postquam
1457 2113 1826 2156 enumerationem

255 2172 561 2214 beneficiorum
584 2172 864 2214 conclusisset
889 2187 956 2214 vv.
979 2172 1228 2224 471-473,
1263 2172 1405 2215 denuo
1426 2186 1604 2215 narrare
1625 2175 1827 2227 pergeret

257 2232 302 2273 in
323 2247 389 2273 vv.
413 2231 500 2273 474
522 2245 629 2286 sqq,
653 2235 784 2286 atque
805 2231 916 2273 hanc
936 2231 1120 2273 alteram
1141 2233 1434 2274 narrationem
1456 2235 1610 2287 postea
1630 2232 1827 2275 additam

259 2304 351 2332 esse
383 2291 463 2332 sibi
499 2291 730 2346 persuasit.
784 2291 1052 2335 ¹Rectissime
1091 2295 1239 2333 tamen
1270 2291 1452 2334 Weilius
1482 2292 1527 2333 in
1559 2291 1662 2334 edit.
1694 2306 1736 2346 p.
1769 2291 1823 2334 57

257 2350 363 2392 haec
409 2349 633 2393 adnotavit
688 2350 758 2392 »in
803 2350 883 2393 hoc
929 2350 1122 2406 episodio
1167 2350 1449 2394 Prometheus
1494 2361 1572 2393 sua
1609 2351 1655 2393 in
1693 2364 1828 2405 genus

257 2410 493 2451 humanum
531 2410 742 2452 beneficia
771 2411 834 2451 ita
867 2411 1042 2465 exponit
1051 2428 1080 2461 ,0
1101 2414 1152 2453 ut
1181 2411 1322 2466 priore
1356 2410 1542 2453 dictione
1575 2424 1627 2453 ea
1658 2424 1768 2465 quae
1799 2423 1827 2452 a

258 2469 425 2511 ratione
457 2470 662 2523 pendent,
697 2470 836 2511 altera
857 2483 908 2511 ea
931 2484 1041 2524 quae
1064 2484 1160 2512 cum
1184 2470 1448 2512 divinatione
1480 2471 1706 2526 conjuncta
1726 2472 1827 2511 sunt

260 2528 619 2584 conprehendam
684 2529 861 2571 Accedit
893 2530 1008 2583 quod
1040 2529 1149 2572 haec
1178 2530 1483 2572 beneficiorum
1515 2529 1664 2572 divisio
1697 2529 1826 2572 etiam

261 2587 355 2629 aliis
377 2589 516 2630 causis
539 2588 877 2631 commendatur.
940 2588 1050 2630 Nam
1073 2589 1334 2644 simulatque
1365 2589 1440 2631 ille
1468 2589 1661 2632 narravit
1682 2589 1828 2644 qualia

254 2646 530 2703 μηχανήματα
560 2647 804 2690 hominibus
836 2649 1077 2698 tribuisset,
1120 2650 1332 2691 mirantur
1368 2649 1554 2703 virgines
1586 2648 1703 2704 quod
1740 2648 1828 2690 suis

261 2706 396 2759 ipsius
428 2706 646 2749 doloribus
666 2707 860 2749 remedia
890 2722 976 2750 non
997 2709 1136 2763 possit
1168 2708 1394 2758 adhibere;
1424 2708 1660 2764 respondet
1679 2710 1827 2750 autem

264 2778 336 2806 eas
367 2765 503 2819 magis
537 2767 666 2808 etiam
699 2781 790 2808 esse
820 2767 1073 2818 miraturas,
1107 2768 1142 2809 si
1174 2767 1421 2810 audiverint
1453 2772 1559 2822 quot
1590 2767 1826 2822 qualesque

264 2825 380 2865 artes
396 2823 608 2866 docuisset
631 2839 763 2879 genus
778 2826 1024 2868 humanum.
1059 2827 1115 2869 Et
1130 2841 1282 2870 revera
1297 2828 1544 2870 narratione
1558 2826 1667 2869 adeo
1684 2829 1828 2869 movet

264 2882 476 2935 virginum
507 2884 837 2927 admirationem
869 2889 918 2927 ut
949 2900 995 2928 se
1027 2901 1200 2941 sperare
1239 2887 1385 2929 dicant
1416 2901 1514 2929 eum
1547 2900 1639 2929 sese
1684 2886 1826 2941 ipsum

264 2941 444 2983 vinculis
482 2941 767 2986 liberaturum
811 2944 1128 3001 liberatumque
1159 2946 1265 2989 Jove
1312 2947 1405 3001 ipso
1452 2961 1537 2989 non
1582 2945 1827 2988 inferiorem
