<?xml version="1.0" encoding="UTF-8"?>
<!DOCTYPE html PUBLIC "-//W3C//DTD XHTML 1.0 Transitional//EN"
    "http://www.w3.org/TR/xhtml1/DTD/xhtml1-transitional.dtd">
<html xmlns="http://www.w3.org/1999/xhtml" xml:lang="en" lang="en">
 <head>
  <title>
</title>
<meta http-equiv="Content-Type" content="text/html;charset=utf-8" />
  <meta name='ocr-system' content='tesseract 3.04.00' />
  <meta name='ocr-capabilities' content='ocr_page ocr_carea ocr_par ocr_line ocrx_word'/>
</head>
<body>
  <div class='ocr_page' id='page_1' title='image "./septemadversusth00rhuoft_0060.png"; bbox 0 0 1858 3320; ppageno 0'>
   <div class='ocr_carea' id='block_1_1' title="bbox 845 202 1136 243">
    <p class='ocr_par' dir='ltr' id='par_1_1' title="bbox 845 202 1136 243">
     <span class='ocr_line' id='line_1_1' title="bbox 845 202 1136 243; baseline -0.003 -9"><span class='ocrx_word' id='word_1_1' title='bbox 845 202 1136 243; x_wconf 65' lang='grc'>..56-</span> 
     </span>
    </p>
   </div>
   <div class='ocr_carea' id='block_1_2' title="bbox 203 330 1786 1341">
    <p class='ocr_par' dir='ltr' id='par_1_2' title="bbox 203 330 1786 1341">
     <span class='ocr_line' id='line_1_2' title="bbox 205 330 1775 390; baseline -0.001 -13"><span class='ocrx_word' id='word_1_2' title='bbox 205 335 401 390; x_wconf 81' lang='lat' dir='ltr'>displicet</span> <span class='ocrx_word' id='word_1_3' title='bbox 447 337 592 375; x_wconf 89' lang='lat' dir='ltr'>tamen</span> <span class='ocrx_word' id='word_1_4' title='bbox 630 332 737 374; x_wconf 86' lang='lat' dir='ltr'>haec</span> <span class='ocrx_word' id='word_1_5' title='bbox 770 330 1033 382; x_wconf 77' lang='lat' dir='ltr'>distributio,</span> <span class='ocrx_word' id='word_1_6' title='bbox 1083 332 1198 385; x_wconf 88' lang='lat' dir='ltr'>quod</span> <span class='ocrx_word' id='word_1_7' title='bbox 1237 332 1296 373; x_wconf 89' lang='lat' dir='ltr'>sic</span> <span class='ocrx_word' id='word_1_8' title='bbox 1326 332 1503 375; x_wconf 87' lang='lat' dir='ltr'>voculae</span> <span class='ocrx_word' id='word_1_9' title='bbox 1543 332 1775 376; x_wconf 81' lang='lat' dir='ltr'>nonnullae</span> 
     </span>
     <span class='ocr_line' id='line_1_3' title="bbox 204 388 1776 449; baseline -0.001 -13"><span class='ocrx_word' id='word_1_10' title='bbox 204 408 289 436; x_wconf 91' lang='lat' dir='ltr'>non</span> <span class='ocrx_word' id='word_1_11' title='bbox 321 397 444 449; x_wconf 85' lang='lat' dir='ltr'>aptas</span> <span class='ocrx_word' id='word_1_12' title='bbox 473 394 595 435; x_wconf 88' lang='lat' dir='ltr'>sedes</span> <span class='ocrx_word' id='word_1_13' title='bbox 617 395 766 434; x_wconf 90' lang='lat' dir='ltr'>tenere</span> <span class='ocrx_word' id='word_1_14' title='bbox 798 390 1012 442; x_wconf 84' lang='lat' dir='ltr'>videntur,</span> <span class='ocrx_word' id='word_1_15' title='bbox 1046 390 1110 432; x_wconf 91' lang='lat' dir='ltr'>uti</span> <span class='ocrx_word' id='word_1_16' title='bbox 1132 389 1212 446; x_wconf 77' lang='grc' dir='ltr'>γάρ</span> <span class='ocrx_word' id='word_1_17' title='bbox 1244 395 1289 433; x_wconf 89' lang='lat' dir='ltr'>ct</span> <span class='ocrx_word' id='word_1_18' title='bbox 1316 388 1363 430; x_wconf 79' lang='grc' dir='ltr'>δέ</span> <span class='ocrx_word' id='word_1_19' title='bbox 1383 392 1640 446; x_wconf 82' lang='lat' dir='ltr'>particulae:</span> <span class='ocrx_word' id='word_1_20' title='bbox 1674 406 1776 435; x_wconf 87' lang='lat' dir='ltr'>nam</span> 
     </span>
     <span class='ocr_line' id='line_1_4' title="bbox 204 449 1777 509; baseline 0 -14"><span class='ocrx_word' id='word_1_21' title='bbox 204 453 355 509; x_wconf 89' lang='lat' dir='ltr'>incipit</span> <span class='ocrx_word' id='word_1_22' title='bbox 403 467 454 494; x_wconf 86' lang='lat' dir='ltr'>ex</span> <span class='ocrx_word' id='word_1_23' title='bbox 501 451 577 494; x_wconf 90' lang='lat' dir='ltr'>illa</span> <span class='ocrx_word' id='word_1_24' title='bbox 623 451 734 493; x_wconf 89' lang='lat' dir='ltr'>altor</span> <span class='ocrx_word' id='word_1_25' title='bbox 786 449 986 506; x_wconf 77' lang='lat' dir='ltr'><strong>strophae</strong></span> <span class='ocrx_word' id='word_1_26' title='bbox 1034 464 1199 502; x_wconf 86' lang='lat' dir='ltr'>versus,</span> <span class='ocrx_word' id='word_1_27' title='bbox 1255 464 1308 493; x_wconf 87' lang='lat' dir='ltr'>ex</span> <span class='ocrx_word' id='word_1_28' title='bbox 1353 449 1435 493; x_wconf 88' lang='lat' dir='ltr'>hac</span> <span class='ocrx_word' id='word_1_29' title='bbox 1479 451 1777 507; x_wconf 84' lang='lat' dir='ltr'>antistrophae</span> 
     </span>
     <span class='ocr_line' id='line_1_5' title="bbox 205 509 1776 569; baseline 0 -15"><span class='ocrx_word' id='word_1_30' title='bbox 205 511 507 569; x_wconf 89' lang='lat' dir='ltr'>paenultimus.</span> <span class='ocrx_word' id='word_1_31' title='bbox 573 511 658 553; x_wconf 84' lang='lat' dir='ltr'>Sed</span> <span class='ocrx_word' id='word_1_32' title='bbox 691 514 755 552; x_wconf 87' lang='lat' dir='ltr'>cst</span> <span class='ocrx_word' id='word_1_33' title='bbox 786 513 990 565; x_wconf 88' lang='lat' dir='ltr'>prompta</span> <span class='ocrx_word' id='word_1_34' title='bbox 1021 509 1162 551; x_wconf 89' lang='lat' dir='ltr'>altera</span> <span class='ocrx_word' id='word_1_35' title='bbox 1198 523 1399 552; x_wconf 87' lang='lat' dir='ltr'>versuum</span> <span class='ocrx_word' id='word_1_36' title='bbox 1438 510 1681 566; x_wconf 77' lang='lat' dir='ltr'>dispositio,</span> <span class='ocrx_word' id='word_1_37' title='bbox 1723 525 1776 554; x_wconf 87' lang='lat' dir='ltr'>ex</span> 
     </span>
     <span class='ocr_line' id='line_1_6' title="bbox 206 568 1776 627; baseline -0.001 -13"><span class='ocrx_word' id='word_1_38' title='bbox 206 586 293 627; x_wconf 89' lang='lat' dir='ltr'>qua</span> <span class='ocrx_word' id='word_1_39' title='bbox 324 571 468 614; x_wconf 84' lang='lat' dir='ltr'>omnia</span> <span class='ocrx_word' id='word_1_40' title='bbox 488 571 597 613; x_wconf 90' lang='lat' dir='ltr'>bene</span> <span class='ocrx_word' id='word_1_41' title='bbox 629 569 861 624; x_wconf 87' lang='lat' dir='ltr'>profluunt.</span> <span class='ocrx_word' id='word_1_42' title='bbox 931 568 1127 623; x_wconf 84' lang='lat' dir='ltr'>Namque</span> <span class='ocrx_word' id='word_1_43' title='bbox 1161 570 1374 623; x_wconf 87' lang='lat' dir='ltr'>gravitate</span> <span class='ocrx_word' id='word_1_44' title='bbox 1406 570 1776 626; x_wconf 79' lang='lat' dir='ltr'>interpunctionis,</span> 
     </span>
     <span class='ocr_line' id='line_1_7' title="bbox 206 626 1777 687; baseline -0.001 -14"><span class='ocrx_word' id='word_1_45' title='bbox 206 645 317 686; x_wconf 90' lang='lat' dir='ltr'>quae</span> <span class='ocrx_word' id='word_1_46' title='bbox 349 631 393 672; x_wconf 91' lang='lat' dir='ltr'>in</span> <span class='ocrx_word' id='word_1_47' title='bbox 426 630 576 673; x_wconf 84' lang='lat' dir='ltr'>codem</span> <span class='ocrx_word' id='word_1_48' title='bbox 608 628 810 684; x_wconf 77' lang='lat' dir='ltr'>strophae</span> <span class='ocrx_word' id='word_1_49' title='bbox 843 629 901 685; x_wconf 84' lang='lat' dir='ltr'>(v.</span> <span class='ocrx_word' id='word_1_50' title='bbox 928 626 1032 685; x_wconf 86' lang='lat'>132)</span> <span class='ocrx_word' id='word_1_51' title='bbox 1066 631 1111 670; x_wconf 87' lang='lat' dir='ltr'>et</span> <span class='ocrx_word' id='word_1_52' title='bbox 1137 629 1434 685; x_wconf 85' lang='lat' dir='ltr'>antistrophae</span> <span class='ocrx_word' id='word_1_53' title='bbox 1466 627 1524 686; x_wconf 88' lang='lat' dir='ltr'>(v.</span> <span class='ocrx_word' id='word_1_54' title='bbox 1549 628 1652 687; x_wconf 88' lang='lat'>149)</span> <span class='ocrx_word' id='word_1_55' title='bbox 1683 630 1777 672; x_wconf 91' lang='lat' dir='ltr'>loco</span> 
     </span>
     <span class='ocr_line' id='line_1_8' title="bbox 203 688 1779 745; baseline 0 -13"><span class='ocrx_word' id='word_1_56' title='bbox 203 691 439 741; x_wconf 88' lang='lat' dir='ltr'>invenitur,</span> <span class='ocrx_word' id='word_1_57' title='bbox 490 689 678 731; x_wconf 83' lang='lat' dir='ltr'>carmina</span> <span class='ocrx_word' id='word_1_58' title='bbox 721 689 827 730; x_wconf 88' lang='lat' dir='ltr'>duas</span> <span class='ocrx_word' id='word_1_59' title='bbox 866 688 910 730; x_wconf 92' lang='lat' dir='ltr'>in</span> <span class='ocrx_word' id='word_1_60' title='bbox 947 692 1096 744; x_wconf 88' lang='lat' dir='ltr'>partes</span> <span class='ocrx_word' id='word_1_61' title='bbox 1145 688 1410 741; x_wconf 86' lang='lat' dir='ltr'>dividuntur,</span> <span class='ocrx_word' id='word_1_62' title='bbox 1459 692 1592 744; x_wconf 74' lang='lat' dir='ltr'>atque</span> <span class='ocrx_word' id='word_1_63' title='bbox 1639 689 1779 745; x_wconf 83' lang='lat' dir='ltr'>quivis</span> 
     </span>
     <span class='ocr_line' id='line_1_9' title="bbox 205 747 1779 805; baseline -0.001 -13"><span class='ocrx_word' id='word_1_64' title='bbox 205 750 413 804; x_wconf 86' lang='lat' dir='ltr'>intelligit</span> <span class='ocrx_word' id='word_1_65' title='bbox 433 752 533 805; x_wconf 88' lang='lat' dir='ltr'>post</span> <span class='ocrx_word' id='word_1_66' title='bbox 562 749 959 802; x_wconf 78' lang='lat' dir='ltr'>interpunctionem</span> <span class='ocrx_word' id='word_1_67' title='bbox 981 747 1166 790; x_wconf 86' lang='lat' dir='ltr'>eandem</span> <span class='ocrx_word' id='word_1_68' title='bbox 1187 747 1369 790; x_wconf 79' lang='lat' dir='ltr'>somnam</span> <span class='ocrx_word' id='word_1_69' title='bbox 1390 749 1615 792; x_wconf 83' lang='lat' dir='ltr'>metricam</span> <span class='ocrx_word' id='word_1_70' title='bbox 1637 749 1779 792; x_wconf 89' lang='lat' dir='ltr'>denuo</span> 
     </span>
     <span class='ocr_line' id='line_1_10' title="bbox 206 807 1779 864; baseline -0.001 -13"><span class='ocrx_word' id='word_1_71' title='bbox 206 824 300 852; x_wconf 88' lang='lat' dir='ltr'>esse</span> <span class='ocrx_word' id='word_1_72' title='bbox 333 809 519 864; x_wconf 81' lang='lat' dir='ltr'>positam</span> <span class='ocrx_word' id='word_1_73' title='bbox 550 811 681 862; x_wconf 88' lang='lat' dir='ltr'>atque</span> <span class='ocrx_word' id='word_1_74' title='bbox 722 808 767 849; x_wconf 92' lang='lat' dir='ltr'>in</span> <span class='ocrx_word' id='word_1_75' title='bbox 799 808 1035 850; x_wconf 84' lang='lat' dir='ltr'>carminum</span> <span class='ocrx_word' id='word_1_76' title='bbox 1073 807 1209 849; x_wconf 90' lang='lat' dir='ltr'>initio.</span> <span class='ocrx_word' id='word_1_77' title='bbox 1278 807 1453 850; x_wconf 78' lang='lat' dir='ltr'>Exitum</span> <span class='ocrx_word' id='word_1_78' title='bbox 1493 808 1649 852; x_wconf 85' lang='lat' dir='ltr'>deinde</span> <span class='ocrx_word' id='word_1_79' title='bbox 1682 822 1779 851; x_wconf 85' lang='lat' dir='ltr'>ver-</span> 
     </span>
     <span class='ocr_line' id='line_1_11' title="bbox 206 867 1779 923; baseline 0 -12"><span class='ocrx_word' id='word_1_80' title='bbox 206 883 332 911; x_wconf 88' lang='lat' dir='ltr'>suum</span> <span class='ocrx_word' id='word_1_81' title='bbox 362 881 449 910; x_wconf 93' lang='lat' dir='ltr'>uno</span> <span class='ocrx_word' id='word_1_82' title='bbox 481 867 572 909; x_wconf 92' lang='lat' dir='ltr'>loco</span> <span class='ocrx_word' id='word_1_83' title='bbox 605 867 877 922; x_wconf 79' lang='lat' dir='ltr'>apertissime</span> <span class='ocrx_word' id='word_1_84' title='bbox 911 867 1145 910; x_wconf 87' lang='lat' dir='ltr'>ostendunt</span> <span class='ocrx_word' id='word_1_85' title='bbox 1186 871 1393 910; x_wconf 86' lang='lat' dir='ltr'>exeuntes</span> <span class='ocrx_word' id='word_1_86' title='bbox 1432 868 1623 923; x_wconf 83' lang='lat' dir='ltr'>syllabae</span> <span class='ocrx_word' id='word_1_87' title='bbox 1653 883 1779 911; x_wconf 86' lang='lat' dir='ltr'>voca-</span> 
     </span>
     <span class='ocr_line' id='line_1_12' title="bbox 204 924 1782 983; baseline -0.002 -13"><span class='ocrx_word' id='word_1_88' title='bbox 204 927 408 971; x_wconf 88' lang='lat' dir='ltr'>bulorum</span> <span class='ocrx_word' id='word_1_89' title='bbox 450 927 565 969; x_wconf 87' lang='lat' dir='ltr'>inter</span> <span class='ocrx_word' id='word_1_90' title='bbox 596 941 640 969; x_wconf 87' lang='lat' dir='ltr'>se</span> <span class='ocrx_word' id='word_1_91' title='bbox 671 928 1024 983; x_wconf 78' lang='lat' dir='ltr'>respondentium</span> <span class='ocrx_word' id='word_1_92' title='bbox 1073 924 1269 983; x_wconf 59' lang='grc' dir='ltr'><em>πατρῴας</em></span> <span class='ocrx_word' id='word_1_93' title='bbox 1313 930 1357 970; x_wconf 83' lang='lat' dir='ltr'>et</span> <span class='ocrx_word' id='word_1_94' title='bbox 1404 924 1486 983; x_wconf 80' lang='grc' dir='ltr'><em>(εἷς)</em></span> <span class='ocrx_word' id='word_1_95' title='bbox 1535 925 1690 976; x_wconf 78' lang='grc' dir='ltr'>ιὸοῦσα,</span> <span class='ocrx_word' id='word_1_96' title='bbox 1737 931 1782 970; x_wconf 84' lang='lat' dir='ltr'>et</span> 
     </span>
     <span class='ocr_line' id='line_1_13' title="bbox 206 986 1780 1041; baseline 0 -12"><span class='ocrx_word' id='word_1_97' title='bbox 206 988 312 1029; x_wconf 86' lang='lat' dir='ltr'>alias</span> <span class='ocrx_word' id='word_1_98' title='bbox 344 986 478 1041; x_wconf 87' lang='lat' dir='ltr'>pedes</span> <span class='ocrx_word' id='word_1_99' title='bbox 519 987 698 1041; x_wconf 89' lang='lat' dir='ltr'>spondei</span> <span class='ocrx_word' id='word_1_100' title='bbox 738 986 1038 1030; x_wconf 86' lang='lat' dir='ltr'>commendare</span> <span class='ocrx_word' id='word_1_101' title='bbox 1077 987 1289 1028; x_wconf 84' lang='lat' dir='ltr'>videntur.</span> <span class='ocrx_word' id='word_1_102' title='bbox 1357 986 1480 1029; x_wconf 88' lang='lat' dir='ltr'>Haec</span> <span class='ocrx_word' id='word_1_103' title='bbox 1509 988 1554 1029; x_wconf 92' lang='lat' dir='ltr'>in</span> <span class='ocrx_word' id='word_1_104' title='bbox 1586 987 1780 1030; x_wconf 86' lang='lat' dir='ltr'>versibus</span> 
     </span>
     <span class='ocr_line' id='line_1_14' title="bbox 208 1045 1781 1102; baseline 0.001 -14"><span class='ocrx_word' id='word_1_105' title='bbox 208 1046 494 1102; x_wconf 86' lang='lat' dir='ltr'>disponendis</span> <span class='ocrx_word' id='word_1_106' title='bbox 526 1047 563 1087; x_wconf 92' lang='lat' dir='ltr'>si</span> <span class='ocrx_word' id='word_1_107' title='bbox 594 1060 680 1088; x_wconf 93' lang='lat' dir='ltr'>non</span> <span class='ocrx_word' id='word_1_108' title='bbox 711 1047 1047 1101; x_wconf 82' lang='lat' dir='ltr'>neglexerimus,</span> <span class='ocrx_word' id='word_1_109' title='bbox 1095 1046 1229 1088; x_wconf 87' lang='lat' dir='ltr'>talem</span> <span class='ocrx_word' id='word_1_110' title='bbox 1276 1060 1554 1090; x_wconf 89' lang='lat' dir='ltr'>numerorum</span> <span class='ocrx_word' id='word_1_111' title='bbox 1598 1045 1781 1089; x_wconf 87' lang='lat' dir='ltr'>formam</span> 
     </span>
     <span class='ocr_line' id='line_1_15' title="bbox 205 1105 1780 1161; baseline 0.001 -13"><span class='ocrx_word' id='word_1_112' title='bbox 205 1105 470 1149; x_wconf 86' lang='lat' dir='ltr'>habebimus</span> <span class='ocrx_word' id='word_1_113' title='bbox 504 1105 643 1160; x_wconf 87' lang='lat' dir='ltr'>qualis</span> <span class='ocrx_word' id='word_1_114' title='bbox 676 1105 878 1161; x_wconf 82' lang='lat' dir='ltr'>Aeschyli</span> <span class='ocrx_word' id='word_1_115' title='bbox 909 1109 1003 1147; x_wconf 86' lang='lat' dir='ltr'>arte</span> <span class='ocrx_word' id='word_1_116' title='bbox 1036 1106 1206 1147; x_wconf 86' lang='lat' dir='ltr'>videtur</span> <span class='ocrx_word' id='word_1_117' title='bbox 1238 1105 1502 1161; x_wconf 87' lang='lat' dir='ltr'>dignissima.</span> <span class='ocrx_word' id='word_1_118' title='bbox 1580 1106 1780 1161; x_wconf 89' lang='lat' dir='ltr'>Namque</span> 
     </span>
     <span class='ocr_line' id='line_1_16' title="bbox 208 1165 1782 1222; baseline 0 -14"><span class='ocrx_word' id='word_1_119' title='bbox 208 1166 424 1208; x_wconf 88' lang='lat' dir='ltr'>exsistunt</span> <span class='ocrx_word' id='word_1_120' title='bbox 459 1179 611 1207; x_wconf 85' lang='lat' dir='ltr'>versus</span> <span class='ocrx_word' id='word_1_121' title='bbox 643 1165 838 1208; x_wconf 89' lang='lat' dir='ltr'>nonnulli</span> <span class='ocrx_word' id='word_1_122' title='bbox 884 1165 1126 1220; x_wconf 84' lang='lat' dir='ltr'>logaoedici</span> <span class='ocrx_word' id='word_1_123' title='bbox 1165 1179 1271 1220; x_wconf 90' lang='lat' dir='ltr'>quos</span> <span class='ocrx_word' id='word_1_124' title='bbox 1319 1165 1512 1207; x_wconf 77' lang='lat' dir='ltr'>efficiunt</span> <span class='ocrx_word' id='word_1_125' title='bbox 1557 1167 1782 1222; x_wconf 85' lang='lat' dir='ltr'>anapaesti</span> 
     </span>
     <span class='ocr_line' id='line_1_17' title="bbox 211 1222 1784 1281; baseline 0.001 -14"><span class='ocrx_word' id='word_1_126' title='bbox 211 1229 256 1268; x_wconf 87' lang='lat' dir='ltr'>et</span> <span class='ocrx_word' id='word_1_127' title='bbox 288 1224 421 1268; x_wconf 90' lang='lat' dir='ltr'>iambi</span> <span class='ocrx_word' id='word_1_128' title='bbox 452 1228 570 1267; x_wconf 88' lang='lat' dir='ltr'>arcte</span> <span class='ocrx_word' id='word_1_129' title='bbox 602 1224 812 1281; x_wconf 88' lang='lat' dir='ltr'>copulati,</span> <span class='ocrx_word' id='word_1_130' title='bbox 861 1229 912 1267; x_wconf 93' lang='lat' dir='ltr'>ut</span> <span class='ocrx_word' id='word_1_131' title='bbox 942 1241 1008 1267; x_wconf 85' lang='lat' dir='ltr'>vv.</span> <span class='ocrx_word' id='word_1_132' title='bbox 1045 1222 1354 1281; x_wconf 78' lang='lat'>129—135*);</span> <span class='ocrx_word' id='word_1_133' title='bbox 1392 1225 1466 1267; x_wconf 85' lang='lat' dir='ltr'>alii</span> <span class='ocrx_word' id='word_1_134' title='bbox 1496 1239 1644 1268; x_wconf 83' lang='lat' dir='ltr'>versus</span> <span class='ocrx_word' id='word_1_135' title='bbox 1682 1229 1784 1268; x_wconf 86' lang='lat' dir='ltr'>sunt</span> 
     </span>
     <span class='ocr_line' id='line_1_18' title="bbox 212 1284 1786 1341; baseline 0.001 -14"><span class='ocrx_word' id='word_1_136' title='bbox 212 1284 610 1341; x_wconf 84' lang='lat' dir='ltr'>dactylotrochaici,</span> <span class='ocrx_word' id='word_1_137' title='bbox 660 1299 713 1327; x_wconf 88' lang='lat' dir='ltr'>ex</span> <span class='ocrx_word' id='word_1_138' title='bbox 746 1284 902 1340; x_wconf 90' lang='lat' dir='ltr'>quibus</span> <span class='ocrx_word' id='word_1_139' title='bbox 933 1288 1112 1340; x_wconf 87' lang='lat' dir='ltr'>praeter</span> <span class='ocrx_word' id='word_1_140' title='bbox 1141 1299 1180 1327; x_wconf 88' lang='lat' dir='ltr'>v.</span> <span class='ocrx_word' id='word_1_141' title='bbox 1207 1284 1290 1327; x_wconf 87' lang='lat'>132</span> <span class='ocrx_word' id='word_1_142' title='bbox 1320 1284 1486 1327; x_wconf 90' lang='lat' dir='ltr'>habent</span> <span class='ocrx_word' id='word_1_143' title='bbox 1504 1285 1786 1341; x_wconf 85' lang='lat' dir='ltr'>praemissam</span> 
     </span>
    </p>
   </div>
   <div class='ocr_carea' id='block_1_3' title="bbox 208 1343 1858 1400">
    <p class='ocr_par' dir='ltr' id='par_1_3' title="bbox 208 1343 1858 1400">
     <span class='ocr_line' id='line_1_19' title="bbox 208 1343 1858 1400; baseline -0.001 -14"><span class='ocrx_word' id='word_1_144' title='bbox 208 1344 431 1400; x_wconf 86' lang='lat' dir='ltr'>dipodiam</span> <span class='ocrx_word' id='word_1_145' title='bbox 460 1344 689 1386; x_wconf 84' lang='lat' dir='ltr'>iambicam</span> <span class='ocrx_word' id='word_1_146' title='bbox 709 1360 776 1387; x_wconf 87' lang='lat' dir='ltr'>vv.</span> <span class='ocrx_word' id='word_1_147' title='bbox 798 1345 895 1396; x_wconf 83' lang='lat'>128,</span> <span class='ocrx_word' id='word_1_148' title='bbox 922 1345 1021 1396; x_wconf 84' lang='lat'>131,</span> <span class='ocrx_word' id='word_1_149' title='bbox 1047 1345 1152 1394; x_wconf 84' lang='lat'>133;</span> <span class='ocrx_word' id='word_1_150' title='bbox 1184 1360 1222 1386; x_wconf 91' lang='lat' dir='ltr'>v.</span> <span class='ocrx_word' id='word_1_151' title='bbox 1248 1345 1333 1387; x_wconf 85' lang='lat'>130</span> <span class='ocrx_word' id='word_1_152' title='bbox 1363 1343 1547 1387; x_wconf 88' lang='lat' dir='ltr'>efficitur</span> <span class='ocrx_word' id='word_1_153' title='bbox 1566 1359 1653 1387; x_wconf 90' lang='lat' dir='ltr'>uno</span> <span class='ocrx_word' id='word_1_154' title='bbox 1674 1344 1784 1400; x_wconf 88' lang='lat' dir='ltr'>pede</span> <span class='ocrx_word' id='word_1_155' title='bbox 1857 1381 1858 1385; x_wconf 75' lang='grc'>,</span> 
     </span>
    </p>
   </div>
   <div class='ocr_carea' id='block_1_4' title="bbox 207 1403 1787 2893">
    <p class='ocr_par' dir='ltr' id='par_1_4' title="bbox 207 1403 1787 2641">
     <span class='ocr_line' id='line_1_20' title="bbox 210 1403 1784 1459; baseline 0.001 -13"><span class='ocrx_word' id='word_1_156' title='bbox 210 1408 445 1459; x_wconf 83' lang='lat' dir='ltr'>anapaesto</span> <span class='ocrx_word' id='word_1_157' title='bbox 486 1408 618 1458; x_wconf 88' lang='lat' dir='ltr'>atque</span> <span class='ocrx_word' id='word_1_158' title='bbox 658 1408 783 1459; x_wconf 89' lang='lat' dir='ltr'>parte</span> <span class='ocrx_word' id='word_1_159' title='bbox 831 1403 1225 1459; x_wconf 87' lang='lat' dir='ltr'>dactylotrochaica</span> <span class='ocrx_word' id='word_1_160' title='bbox 1268 1403 1579 1459; x_wconf 86' lang='lat' dir='ltr'>subsequente,</span> <span class='ocrx_word' id='word_1_161' title='bbox 1623 1420 1663 1447; x_wconf 88' lang='lat' dir='ltr'>v.</span> <span class='ocrx_word' id='word_1_162' title='bbox 1700 1405 1784 1448; x_wconf 83' lang='lat'>134</span> 
     </span>
     <span class='ocr_line' id='line_1_21' title="bbox 207 1463 1786 1520; baseline 0 -14"><span class='ocrx_word' id='word_1_163' title='bbox 207 1467 378 1506; x_wconf 89' lang='lat' dir='ltr'>constat</span> <span class='ocrx_word' id='word_1_164' title='bbox 418 1478 470 1506; x_wconf 83' lang='lat' dir='ltr'>ex</span> <span class='ocrx_word' id='word_1_165' title='bbox 509 1467 635 1519; x_wconf 89' lang='lat' dir='ltr'>parte</span> <span class='ocrx_word' id='word_1_166' title='bbox 673 1463 1099 1520; x_wconf 89' lang='lat' dir='ltr'>anapaestoiambica</span> <span class='ocrx_word' id='word_1_167' title='bbox 1136 1467 1180 1506; x_wconf 91' lang='lat' dir='ltr'>et</span> <span class='ocrx_word' id='word_1_168' title='bbox 1213 1467 1339 1519; x_wconf 89' lang='lat' dir='ltr'>parte</span> <span class='ocrx_word' id='word_1_169' title='bbox 1394 1463 1786 1520; x_wconf 83' lang='lat' dir='ltr'>dactylotrochaica</span> 
     </span>
     <span class='ocr_line' id='line_1_22' title="bbox 212 1523 1786 1580; baseline 0.001 -15"><span class='ocrx_word' id='word_1_170' title='bbox 212 1524 339 1566; x_wconf 87' lang='lat' dir='ltr'>alteri</span> <span class='ocrx_word' id='word_1_171' title='bbox 373 1526 491 1566; x_wconf 85' lang='lat' dir='ltr'>arcte</span> <span class='ocrx_word' id='word_1_172' title='bbox 524 1523 706 1566; x_wconf 85' lang='lat' dir='ltr'>adnexa.</span> <span class='ocrx_word' id='word_1_173' title='bbox 767 1524 950 1578; x_wconf 85' lang='lat' dir='ltr'>Saepius</span> <span class='ocrx_word' id='word_1_174' title='bbox 981 1527 1128 1566; x_wconf 85' lang='lat' dir='ltr'>autem</span> <span class='ocrx_word' id='word_1_175' title='bbox 1158 1524 1444 1566; x_wconf 85' lang='lat' dir='ltr'>intermiscuit</span> <span class='ocrx_word' id='word_1_176' title='bbox 1474 1527 1605 1580; x_wconf 86' lang='lat' dir='ltr'>poeta</span> <span class='ocrx_word' id='word_1_177' title='bbox 1635 1537 1786 1566; x_wconf 84' lang='lat' dir='ltr'>versus</span> 
     </span>
     <span class='ocr_line' id='line_1_23' title="bbox 210 1582 1783 1639; baseline 0.001 -14"><span class='ocrx_word' id='word_1_178' title='bbox 210 1582 662 1639; x_wconf 86' lang='lat' dir='ltr'>anapaestoiambicos</span> <span class='ocrx_word' id='word_1_179' title='bbox 692 1584 883 1626; x_wconf 90' lang='lat' dir='ltr'>numeris</span> <span class='ocrx_word' id='word_1_180' title='bbox 910 1583 1328 1639; x_wconf 85' lang='lat' dir='ltr'>dactylotrochaicis.</span> <span class='ocrx_word' id='word_1_181' title='bbox 1365 1583 1461 1626; x_wconf 91' lang='lat' dir='ltr'>Hac</span> <span class='ocrx_word' id='word_1_182' title='bbox 1485 1584 1575 1627; x_wconf 86' lang='lat' dir='ltr'>vice</span> <span class='ocrx_word' id='word_1_183' title='bbox 1597 1583 1783 1638; x_wconf 83' lang='lat' dir='ltr'>fungun—</span> 
     </span>
     <span class='ocr_line' id='line_1_24' title="bbox 208 1642 1786 1698; baseline 0 -13"><span class='ocrx_word' id='word_1_184' title='bbox 208 1647 280 1685; x_wconf 89' lang='lat' dir='ltr'>tur</span> <span class='ocrx_word' id='word_1_185' title='bbox 312 1642 463 1697; x_wconf 83' lang='lat' dir='ltr'>Agam.</span> <span class='ocrx_word' id='word_1_186' title='bbox 507 1642 683 1685; x_wconf 83' lang='lat' dir='ltr'>fabulae</span> <span class='ocrx_word' id='word_1_187' title='bbox 715 1659 781 1686; x_wconf 85' lang='lat' dir='ltr'>vv.</span> <span class='ocrx_word' id='word_1_188' title='bbox 817 1644 1066 1686; x_wconf 83' lang='lat'>660-670</span> <span class='ocrx_word' id='word_1_189' title='bbox 1101 1647 1144 1685; x_wconf 87' lang='lat' dir='ltr'>et</span> <span class='ocrx_word' id='word_1_190' title='bbox 1176 1658 1242 1685; x_wconf 84' lang='lat' dir='ltr'>vv.</span> <span class='ocrx_word' id='word_1_191' title='bbox 1277 1643 1532 1695; x_wconf 79' lang='lat'>716-719,</span> <span class='ocrx_word' id='word_1_192' title='bbox 1580 1657 1786 1698; x_wconf 89' lang='lat' dir='ltr'>magnam</span> 
     </span>
     <span class='ocr_line' id='line_1_25' title="bbox 210 1701 1784 1759; baseline 0.001 -15"><span class='ocrx_word' id='word_1_193' title='bbox 210 1703 406 1759; x_wconf 89' lang='lat' dir='ltr'>ejusdem</span> <span class='ocrx_word' id='word_1_194' title='bbox 425 1703 593 1757; x_wconf 87' lang='lat' dir='ltr'>generis</span> <span class='ocrx_word' id='word_1_195' title='bbox 610 1717 811 1745; x_wconf 89' lang='lat' dir='ltr'>versuum</span> <span class='ocrx_word' id='word_1_196' title='bbox 828 1704 994 1758; x_wconf 88' lang='lat' dir='ltr'>copiam</span> <span class='ocrx_word' id='word_1_197' title='bbox 1009 1701 1143 1744; x_wconf 88' lang='lat' dir='ltr'>habet</span> <span class='ocrx_word' id='word_1_198' title='bbox 1154 1702 1270 1758; x_wconf 84' lang='lat' dir='ltr'>Sept.</span> <span class='ocrx_word' id='word_1_199' title='bbox 1289 1702 1463 1746; x_wconf 87' lang='lat' dir='ltr'>fabulae</span> <span class='ocrx_word' id='word_1_200' title='bbox 1480 1716 1655 1746; x_wconf 89' lang='lat' dir='ltr'>carmen</span> <span class='ocrx_word' id='word_1_201' title='bbox 1668 1702 1784 1758; x_wconf 90' lang='lat' dir='ltr'>quod</span> 
     </span>
     <span class='ocr_line' id='line_1_26' title="bbox 211 1761 1782 1817; baseline 0.001 -13"><span class='ocrx_word' id='word_1_202' title='bbox 211 1766 278 1805; x_wconf 89' lang='lat' dir='ltr'>est</span> <span class='ocrx_word' id='word_1_203' title='bbox 298 1763 342 1804; x_wconf 92' lang='lat' dir='ltr'>in</span> <span class='ocrx_word' id='word_1_204' title='bbox 364 1778 430 1805; x_wconf 85' lang='lat' dir='ltr'>vv.</span> <span class='ocrx_word' id='word_1_205' title='bbox 457 1763 715 1806; x_wconf 85' lang='lat'>703—709:</span> <span class='ocrx_word' id='word_1_206' title='bbox 749 1776 937 1817; x_wconf 89' lang='lat' dir='ltr'>namque</span> <span class='ocrx_word' id='word_1_207' title='bbox 968 1762 1050 1804; x_wconf 90' lang='lat' dir='ltr'>hoc</span> <span class='ocrx_word' id='word_1_208' title='bbox 1069 1762 1115 1804; x_wconf 89' lang='lat' dir='ltr'>in</span> <span class='ocrx_word' id='word_1_209' title='bbox 1138 1761 1328 1804; x_wconf 87' lang='lat' dir='ltr'>carmine</span> <span class='ocrx_word' id='word_1_210' title='bbox 1361 1777 1508 1805; x_wconf 89' lang='lat' dir='ltr'>omnes</span> <span class='ocrx_word' id='word_1_211' title='bbox 1528 1777 1679 1806; x_wconf 87' lang='lat' dir='ltr'>versus</span> <span class='ocrx_word' id='word_1_212' title='bbox 1700 1777 1782 1805; x_wconf 89' lang='lat' dir='ltr'>nu-</span> 
     </span>
     <span class='ocr_line' id='line_1_27' title="bbox 212 1821 1785 1878; baseline 0 -14"><span class='ocrx_word' id='word_1_213' title='bbox 212 1836 352 1865; x_wconf 89' lang='lat' dir='ltr'>meros</span> <span class='ocrx_word' id='word_1_214' title='bbox 378 1821 822 1878; x_wconf 88' lang='lat' dir='ltr'>anapaestoiambicos</span> <span class='ocrx_word' id='word_1_215' title='bbox 841 1821 1007 1864; x_wconf 89' lang='lat' dir='ltr'>habent</span> <span class='ocrx_word' id='word_1_216' title='bbox 1020 1825 1196 1878; x_wconf 87' lang='lat' dir='ltr'>praeter</span> <span class='ocrx_word' id='word_1_217' title='bbox 1210 1822 1398 1877; x_wconf 86' lang='lat' dir='ltr'>priorem</span> <span class='ocrx_word' id='word_1_218' title='bbox 1413 1825 1458 1865; x_wconf 90' lang='lat' dir='ltr'>et</span> <span class='ocrx_word' id='word_1_219' title='bbox 1472 1821 1693 1873; x_wconf 84' lang='lat' dir='ltr'>ultimum;</span> <span class='ocrx_word' id='word_1_220' title='bbox 1714 1822 1785 1865; x_wconf 90' lang='lat' dir='ltr'>hic</span> 
     </span>
     <span class='ocr_line' id='line_1_28' title="bbox 214 1881 1784 1938; baseline 0 -14"><span class='ocrx_word' id='word_1_221' title='bbox 214 1886 364 1924; x_wconf 90' lang='lat' dir='ltr'>autem</span> <span class='ocrx_word' id='word_1_222' title='bbox 397 1885 464 1924; x_wconf 90' lang='lat' dir='ltr'>est</span> <span class='ocrx_word' id='word_1_223' title='bbox 485 1881 922 1937; x_wconf 88' lang='lat' dir='ltr'>dactylotrochaicus,</span> <span class='ocrx_word' id='word_1_224' title='bbox 970 1881 1043 1924; x_wconf 91' lang='lat' dir='ltr'>ille</span> <span class='ocrx_word' id='word_1_225' title='bbox 1074 1881 1208 1924; x_wconf 89' lang='lat' dir='ltr'>habet</span> <span class='ocrx_word' id='word_1_226' title='bbox 1230 1881 1415 1924; x_wconf 89' lang='lat' dir='ltr'>eandem</span> <span class='ocrx_word' id='word_1_227' title='bbox 1445 1881 1628 1925; x_wconf 89' lang='lat' dir='ltr'>formam</span> <span class='ocrx_word' id='word_1_228' title='bbox 1651 1886 1784 1938; x_wconf 90' lang='lat' dir='ltr'>atque</span> 
     </span>
     <span class='ocr_line' id='line_1_29' title="bbox 210 1941 1787 1997; baseline 0 -13"><span class='ocrx_word' id='word_1_229' title='bbox 210 1942 373 1997; x_wconf 89' lang='lat' dir='ltr'>primus</span> <span class='ocrx_word' id='word_1_230' title='bbox 404 1955 555 1984; x_wconf 87' lang='lat' dir='ltr'>versus</span> <span class='ocrx_word' id='word_1_231' title='bbox 586 1941 759 1984; x_wconf 88' lang='lat' dir='ltr'>illorum</span> <span class='ocrx_word' id='word_1_232' title='bbox 781 1941 924 1984; x_wconf 86' lang='lat' dir='ltr'>Prom.</span> <span class='ocrx_word' id='word_1_233' title='bbox 957 1941 1133 1983; x_wconf 84' lang='lat' dir='ltr'>fabulae</span> <span class='ocrx_word' id='word_1_234' title='bbox 1166 1941 1424 1993; x_wconf 86' lang='lat' dir='ltr'>carminum,</span> <span class='ocrx_word' id='word_1_235' title='bbox 1458 1945 1590 1996; x_wconf 87' lang='lat' dir='ltr'>atque</span> <span class='ocrx_word' id='word_1_236' title='bbox 1621 1941 1787 1984; x_wconf 89' lang='lat' dir='ltr'>habent</span> 
     </span>
     <span class='ocr_line' id='line_1_30' title="bbox 209 2000 1784 2057; baseline 0.001 -14"><span class='ocrx_word' id='word_1_237' title='bbox 209 2001 322 2044; x_wconf 90' lang='lat' dir='ltr'>hanc</span> <span class='ocrx_word' id='word_1_238' title='bbox 354 2001 537 2044; x_wconf 89' lang='lat' dir='ltr'>eandem</span> <span class='ocrx_word' id='word_1_239' title='bbox 567 2001 750 2044; x_wconf 87' lang='lat' dir='ltr'>formam</span> <span class='ocrx_word' id='word_1_240' title='bbox 770 2002 816 2043; x_wconf 89' lang='grc'>111</span> <span class='ocrx_word' id='word_1_241' title='bbox 839 2001 987 2057; x_wconf 89' lang='lat' dir='ltr'>Suppl.</span> <span class='ocrx_word' id='word_1_242' title='bbox 1020 2000 1198 2043; x_wconf 81' lang='lat' dir='ltr'>fabulae</span> <span class='ocrx_word' id='word_1_243' title='bbox 1227 2000 1490 2043; x_wconf 86' lang='lat' dir='ltr'>carminibus</span> <span class='ocrx_word' id='word_1_244' title='bbox 1521 2001 1784 2056; x_wconf 88' lang='lat' dir='ltr'>logaoedicis</span> 
     </span>
     <span class='ocr_line' id='line_1_31' title="bbox 210 2061 1784 2116; baseline 0 -12"><span class='ocrx_word' id='word_1_245' title='bbox 210 2077 275 2104; x_wconf 88' lang='lat' dir='ltr'>vv.</span> <span class='ocrx_word' id='word_1_246' title='bbox 310 2062 410 2114; x_wconf 83' lang='lat'>507,</span> <span class='ocrx_word' id='word_1_247' title='bbox 445 2062 544 2113; x_wconf 83' lang='lat'>511,</span> <span class='ocrx_word' id='word_1_248' title='bbox 580 2062 687 2112; x_wconf 79' lang='lat'>7483</span> <span class='ocrx_word' id='word_1_249' title='bbox 727 2075 911 2116; x_wconf 90' lang='lat' dir='ltr'>quorum</span> <span class='ocrx_word' id='word_1_250' title='bbox 950 2074 1154 2103; x_wconf 87' lang='lat' dir='ltr'>versuum</span> <span class='ocrx_word' id='word_1_251' title='bbox 1186 2074 1239 2103; x_wconf 88' lang='lat' dir='ltr'>ex</span> <span class='ocrx_word' id='word_1_252' title='bbox 1269 2061 1408 2116; x_wconf 88' lang='lat' dir='ltr'>primo</span> <span class='ocrx_word' id='word_1_253' title='bbox 1439 2061 1582 2116; x_wconf 89' lang='lat' dir='ltr'>ipsum</span> <span class='ocrx_word' id='word_1_254' title='bbox 1613 2075 1784 2104; x_wconf 88' lang='lat' dir='ltr'>carmen</span> 
     </span>
     <span class='ocr_line' id='line_1_32' title="bbox 209 2120 1785 2177; baseline 0.001 -15"><span class='ocrx_word' id='word_1_255' title='bbox 209 2121 371 2176; x_wconf 88' lang='lat' dir='ltr'>incipit,</span> <span class='ocrx_word' id='word_1_256' title='bbox 405 2120 542 2164; x_wconf 86' lang='lat' dir='ltr'>altero</span> <span class='ocrx_word' id='word_1_257' title='bbox 573 2121 706 2177; x_wconf 86' lang='lat' dir='ltr'>plena</span> <span class='ocrx_word' id='word_1_258' title='bbox 738 2121 958 2176; x_wconf 88' lang='lat' dir='ltr'>quaedam</span> <span class='ocrx_word' id='word_1_259' title='bbox 996 2120 1233 2172; x_wconf 89' lang='lat' dir='ltr'>sententia,</span> <span class='ocrx_word' id='word_1_260' title='bbox 1273 2121 1402 2162; x_wconf 84' lang='lat' dir='ltr'>tertio</span> <span class='ocrx_word' id='word_1_261' title='bbox 1433 2121 1577 2175; x_wconf 90' lang='lat' dir='ltr'>ipsum</span> <span class='ocrx_word' id='word_1_262' title='bbox 1608 2135 1785 2164; x_wconf 87' lang='lat' dir='ltr'>carmen</span> 
     </span>
     <span class='ocr_line' id='line_1_33' title="bbox 212 2180 1784 2236; baseline 0 -13"><span class='ocrx_word' id='word_1_263' title='bbox 212 2180 493 2223; x_wconf 86' lang='lat' dir='ltr'>concluditur.</span> <span class='ocrx_word' id='word_1_264' title='bbox 572 2181 728 2235; x_wconf 88' lang='lat' dir='ltr'>Itaque</span> <span class='ocrx_word' id='word_1_265' title='bbox 762 2195 1031 2235; x_wconf 89' lang='lat' dir='ltr'>quamquam</span> <span class='ocrx_word' id='word_1_266' title='bbox 1069 2180 1310 2236; x_wconf 84' lang='lat' dir='ltr'>disceptare</span> <span class='ocrx_word' id='word_1_267' title='bbox 1341 2195 1428 2223; x_wconf 92' lang='lat' dir='ltr'>non</span> <span class='ocrx_word' id='word_1_268' title='bbox 1459 2180 1598 2223; x_wconf 88' lang='lat' dir='ltr'>audeo</span> <span class='ocrx_word' id='word_1_269' title='bbox 1636 2184 1784 2223; x_wconf 76' lang='lat' dir='ltr'>utrum</span> 
     </span>
     <span class='ocr_line' id='line_1_34' title="bbox 211 2239 1779 2292; baseline 0 -10"><span class='ocrx_word' id='word_1_270' title='bbox 211 2240 288 2282; x_wconf 91' lang='lat' dir='ltr'>illa</span> <span class='ocrx_word' id='word_1_271' title='bbox 331 2240 473 2282; x_wconf 85' lang='lat' dir='ltr'>Proin.</span> <span class='ocrx_word' id='word_1_272' title='bbox 512 2239 688 2283; x_wconf 82' lang='lat' dir='ltr'>fabulae</span> <span class='ocrx_word' id='word_1_273' title='bbox 736 2240 908 2283; x_wconf 87' lang='lat' dir='ltr'>cantica</span> <span class='ocrx_word' id='word_1_274' title='bbox 953 2243 1137 2282; x_wconf 86' lang='lat' dir='ltr'>utantur</span> <span class='ocrx_word' id='word_1_275' title='bbox 1182 2254 1336 2283; x_wconf 88' lang='lat' dir='ltr'>revera</span> <span class='ocrx_word' id='word_1_276' title='bbox 1381 2241 1571 2283; x_wconf 87' lang='lat' dir='ltr'>numeris</span> <span class='ocrx_word' id='word_1_277' title='bbox 1616 2241 1779 2292; x_wconf 87' lang='lat' dir='ltr'>ionicis,</span> 
     </span>
     <span class='ocr_line' id='line_1_35' title="bbox 213 2297 1784 2357; baseline 0.001 -16"><span class='ocrx_word' id='word_1_278' title='bbox 213 2299 330 2355; x_wconf 86' lang='lat' dir='ltr'>quod</span> <span class='ocrx_word' id='word_1_279' title='bbox 378 2299 428 2342; x_wconf 86' lang='lat' dir='ltr'>G.</span> <span class='ocrx_word' id='word_1_280' title='bbox 471 2299 749 2344; x_wconf 87' lang='lat' dir='ltr'>Hermannus</span> <span class='ocrx_word' id='word_1_281' title='bbox 799 2300 940 2355; x_wconf 79' lang='lat' dir='ltr'>(elem.</span> <span class='ocrx_word' id='word_1_282' title='bbox 991 2300 1126 2342; x_wconf 84' lang='lat' dir='ltr'>doctr.</span> <span class='ocrx_word' id='word_1_283' title='bbox 1173 2303 1297 2343; x_wconf 88' lang='lat' dir='ltr'>metr.</span> <span class='ocrx_word' id='word_1_284' title='bbox 1345 2315 1388 2355; x_wconf 93' lang='lat' dir='ltr'>p.</span> <span class='ocrx_word' id='word_1_285' title='bbox 1428 2297 1554 2357; x_wconf 83' lang='lat'>492),</span> <span class='ocrx_word' id='word_1_286' title='bbox 1602 2299 1784 2343; x_wconf 88' lang='lat' dir='ltr'>Weilius</span> 
     </span>
     <span class='ocr_line' id='line_1_36' title="bbox 213 2357 1784 2416; baseline 0 -15"><span class='ocrx_word' id='word_1_287' title='bbox 213 2358 339 2415; x_wconf 88' lang='lat' dir='ltr'>(edit.</span> <span class='ocrx_word' id='word_1_288' title='bbox 359 2375 400 2414; x_wconf 89' lang='lat' dir='ltr'>p.</span> <span class='ocrx_word' id='word_1_289' title='bbox 428 2357 546 2416; x_wconf 87' lang='lat'>113),</span> <span class='ocrx_word' id='word_1_290' title='bbox 583 2359 657 2402; x_wconf 90' lang='lat' dir='ltr'>alii</span> <span class='ocrx_word' id='word_1_291' title='bbox 688 2363 939 2403; x_wconf 88' lang='lat' dir='ltr'>statuerunt</span> <span class='ocrx_word' id='word_1_292' title='bbox 970 2359 1229 2402; x_wconf 87' lang='lat' dir='ltr'>scholiastae</span> <span class='ocrx_word' id='word_1_293' title='bbox 1251 2375 1289 2402; x_wconf 84' lang='lat' dir='ltr'>v.</span> <span class='ocrx_word' id='word_1_294' title='bbox 1316 2360 1399 2402; x_wconf 88' lang='lat'>128</span> <span class='ocrx_word' id='word_1_295' title='bbox 1421 2359 1784 2414; x_wconf 84' lang='lat' dir='ltr'>interpret-amen·-</span> 
     </span>
     <span class='ocr_line' id='line_1_37' title="bbox 212 2418 1784 2474; baseline 0.001 -14"><span class='ocrx_word' id='word_1_296' title='bbox 212 2422 306 2460; x_wconf 87' lang='lat' dir='ltr'>tum</span> <span class='ocrx_word' id='word_1_297' title='bbox 337 2419 494 2471; x_wconf 90' lang='lat' dir='ltr'>secuti,</span> <span class='ocrx_word' id='word_1_298' title='bbox 540 2433 595 2461; x_wconf 89' lang='lat' dir='ltr'>an</span> <span class='ocrx_word' id='word_1_299' title='bbox 625 2419 755 2462; x_wconf 87' lang='lat' dir='ltr'>liceat</span> <span class='ocrx_word' id='word_1_300' title='bbox 784 2420 906 2463; x_wconf 89' lang='lat' dir='ltr'>nobis</span> <span class='ocrx_word' id='word_1_301' title='bbox 939 2422 1133 2462; x_wconf 87' lang='lat' dir='ltr'>statuere</span> <span class='ocrx_word' id='word_1_302' title='bbox 1167 2432 1219 2461; x_wconf 88' lang='lat' dir='ltr'>ea</span> <span class='ocrx_word' id='word_1_303' title='bbox 1248 2418 1409 2461; x_wconf 89' lang='lat' dir='ltr'>habere</span> <span class='ocrx_word' id='word_1_304' title='bbox 1440 2418 1690 2474; x_wconf 81' lang='lat' dir='ltr'>rhythmum</span> <span class='ocrx_word' id='word_1_305' title='bbox 1718 2419 1784 2462; x_wconf 91' lang='lat' dir='ltr'>lo-</span> 
     </span>
     <span class='ocr_line' id='line_1_38' title="bbox 214 2477 1785 2535; baseline 0.001 -14"><span class='ocrx_word' id='word_1_306' title='bbox 214 2477 469 2533; x_wconf 83' lang='lat' dir='ltr'>gaoedicum</span> <span class='ocrx_word' id='word_1_307' title='bbox 516 2482 560 2521; x_wconf 90' lang='lat' dir='ltr'>et</span> <span class='ocrx_word' id='word_1_308' title='bbox 591 2479 1034 2535; x_wconf 87' lang='lat' dir='ltr'>dactylotrochaicum</span> <span class='ocrx_word' id='word_1_309' title='bbox 1082 2482 1127 2521; x_wconf 92' lang='lat' dir='ltr'>et</span> <span class='ocrx_word' id='word_1_310' title='bbox 1167 2477 1657 2534; x_wconf 89' lang='lat' dir='ltr'>anapaestoiambicum,</span> <span class='ocrx_word' id='word_1_311' title='bbox 1704 2478 1785 2522; x_wconf 90' lang='lat' dir='ltr'>hoc</span> 
     </span>
     <span class='ocr_line' id='line_1_39' title="bbox 212 2538 1784 2595; baseline 0.001 -15"><span class='ocrx_word' id='word_1_312' title='bbox 212 2551 348 2580; x_wconf 90' lang='lat' dir='ltr'>unum</span> <span class='ocrx_word' id='word_1_313' title='bbox 380 2538 674 2581; x_wconf 88' lang='lat' dir='ltr'>contenderim</span> <span class='ocrx_word' id='word_1_314' title='bbox 695 2539 956 2595; x_wconf 87' lang='lat' dir='ltr'>Aeschylum</span> <span class='ocrx_word' id='word_1_315' title='bbox 977 2553 1063 2581; x_wconf 89' lang='lat' dir='ltr'>non</span> <span class='ocrx_word' id='word_1_316' title='bbox 1085 2539 1299 2595; x_wconf 84' lang='lat' dir='ltr'>respuisse</span> <span class='ocrx_word' id='word_1_317' title='bbox 1321 2539 1587 2581; x_wconf 88' lang='lat' dir='ltr'>canticorum</span> <span class='ocrx_word' id='word_1_318' title='bbox 1611 2538 1784 2582; x_wconf 87' lang='lat' dir='ltr'>illorum</span> 
     </span>
     <span class='ocr_line' id='line_1_40' title="bbox 212 2597 666 2641; baseline 0 -1"><span class='ocrx_word' id='word_1_319' title='bbox 212 2597 397 2641; x_wconf 83' lang='lat' dir='ltr'>formam</span> <span class='ocrx_word' id='word_1_320' title='bbox 428 2598 666 2641; x_wconf 89' lang='lat' dir='ltr'>metricam.</span> 
     </span>
    </p>

    <p class='ocr_par' dir='ltr' id='par_1_5' title="bbox 216 2657 1786 2893">
     <span class='ocr_line' id='line_1_41' title="bbox 333 2657 1780 2714; baseline 0.001 -15"><span class='ocrx_word' id='word_1_321' title='bbox 333 2657 411 2701; x_wconf 88' lang='lat' dir='ltr'>Est</span> <span class='ocrx_word' id='word_1_322' title='bbox 454 2659 771 2701; x_wconf 84' lang='lat' dir='ltr'>transeundum</span> <span class='ocrx_word' id='word_1_323' title='bbox 808 2659 864 2701; x_wconf 85' lang='lat' dir='ltr'>ad</span> <span class='ocrx_word' id='word_1_324' title='bbox 899 2672 1101 2702; x_wconf 89' lang='lat' dir='ltr'>numeros</span> <span class='ocrx_word' id='word_1_325' title='bbox 1141 2658 1380 2701; x_wconf 85' lang='lat' dir='ltr'>carminum</span> <span class='ocrx_word' id='word_1_326' title='bbox 1411 2658 1780 2714; x_wconf 87' lang='lat' dir='ltr'>subsequentium.</span> 
     </span>
     <span class='ocr_line' id='line_1_42' title="bbox 216 2717 1786 2775; baseline -0.001 -15"><span class='ocrx_word' id='word_1_327' title='bbox 216 2717 378 2760; x_wconf 85' lang='lat' dir='ltr'>Statuit</span> <span class='ocrx_word' id='word_1_328' title='bbox 407 2717 702 2774; x_wconf 90' lang='lat' dir='ltr'>Westphalius</span> <span class='ocrx_word' id='word_1_329' title='bbox 747 2719 793 2760; x_wconf 89' lang='lat' dir='ltr'>in</span> <span class='ocrx_word' id='word_1_330' title='bbox 825 2720 966 2775; x_wconf 87' lang='lat' dir='ltr'>operis</span> <span class='ocrx_word' id='word_1_331' title='bbox 996 2718 1165 2762; x_wconf 89' lang='lat' dir='ltr'>metrici</span> <span class='ocrx_word' id='word_1_332' title='bbox 1202 2718 1420 2774; x_wconf 86' lang='lat' dir='ltr'>prooemio</span> <span class='ocrx_word' id='word_1_333' title='bbox 1461 2731 1534 2760; x_wconf 91' lang='lat' dir='ltr'>eos</span> <span class='ocrx_word' id='word_1_334' title='bbox 1572 2717 1691 2760; x_wconf 86' lang='lat' dir='ltr'>haud</span> <span class='ocrx_word' id='word_1_335' title='bbox 1719 2717 1786 2760; x_wconf 90' lang='lat' dir='ltr'>ita</span> 
     </span>
     <span class='ocr_line' id='line_1_43' title="bbox 217 2776 1784 2835; baseline 0.001 -17"><span class='ocrx_word' id='word_1_336' title='bbox 217 2777 457 2819; x_wconf 88' lang='lat' dir='ltr'>contrarios</span> <span class='ocrx_word' id='word_1_337' title='bbox 490 2791 584 2820; x_wconf 89' lang='lat' dir='ltr'>esse</span> <span class='ocrx_word' id='word_1_338' title='bbox 616 2777 786 2833; x_wconf 84' lang='lat' dir='ltr'>legibus</span> <span class='ocrx_word' id='word_1_339' title='bbox 818 2778 1090 2835; x_wconf 81' lang='lat' dir='ltr'>Aeschyleis3</span> <span class='ocrx_word' id='word_1_340' title='bbox 1129 2777 1207 2821; x_wconf 89' lang='lat' dir='ltr'>sed</span> <span class='ocrx_word' id='word_1_341' title='bbox 1238 2792 1336 2820; x_wconf 86' lang='lat' dir='ltr'>cum</span> <span class='ocrx_word' id='word_1_342' title='bbox 1369 2781 1518 2832; x_wconf 83' lang='lat' dir='ltr'>ageret</span> <span class='ocrx_word' id='word_1_343' title='bbox 1549 2776 1603 2819; x_wconf 89' lang='lat' dir='ltr'>de</span> <span class='ocrx_word' id='word_1_344' title='bbox 1634 2777 1784 2819; x_wconf 89' lang='lat' dir='ltr'>metris</span> 
     </span>
     <span class='ocr_line' id='line_1_44' title="bbox 216 2835 1785 2893; baseline 0.001 -16"><span class='ocrx_word' id='word_1_345' title='bbox 216 2835 500 2892; x_wconf 88' lang='lat' dir='ltr'>episynthetis</span> <span class='ocrx_word' id='word_1_346' title='bbox 524 2837 621 2893; x_wconf 84' lang='lat' dir='ltr'>(vol.</span> <span class='ocrx_word' id='word_1_347' title='bbox 645 2838 702 2890; x_wconf 94' lang='grc' dir='ltr'>ΙΙ,</span> <span class='ocrx_word' id='word_1_348' title='bbox 727 2838 847 2893; x_wconf 84' lang='grc'>692),</span> <span class='ocrx_word' id='word_1_349' title='bbox 881 2839 1107 2882; x_wconf 87' lang='lat' dir='ltr'>metricam</span> <span class='ocrx_word' id='word_1_350' title='bbox 1129 2838 1369 2880; x_wconf 85' lang='lat' dir='ltr'>carminum</span> <span class='ocrx_word' id='word_1_351' title='bbox 1388 2836 1572 2879; x_wconf 85' lang='lat' dir='ltr'>formam</span> <span class='ocrx_word' id='word_1_352' title='bbox 1591 2837 1785 2893; x_wconf 86' lang='lat' dir='ltr'>proxime</span> 
     </span>
    </p>
   </div>
   <div class='ocr_carea' id='block_1_5' title="bbox 215 2925 498 2930">
    <p class='ocr_par' dir='ltr' id='par_1_6' title="bbox 215 2925 498 2930">
     <span class='ocr_line' id='line_1_45' title="bbox 215 2925 498 2930; baseline 0 0"><span class='ocrx_word' id='word_1_353' title='bbox 215 2925 498 2930; x_wconf 95' lang='lat' dir='ltr'> </span> 
     </span>
    </p>
   </div>
   <div class='ocr_carea' id='block_1_6' title="bbox 311 2964 1784 3012">
    <p class='ocr_par' dir='ltr' id='par_1_7' title="bbox 311 2964 1784 3012">
     <span class='ocr_line' id='line_1_46' title="bbox 311 2964 1784 3012; baseline 0.003 -13"><span class='ocrx_word' id='word_1_354' title='bbox 311 2964 348 3009; x_wconf 71' lang='lat'>³¹²)</span> <span class='ocrx_word' id='word_1_355' title='bbox 374 2964 440 3000; x_wconf 86' lang='lat' dir='ltr'>His</span> <span class='ocrx_word' id='word_1_356' title='bbox 465 2965 503 3000; x_wconf 85' lang='lat' dir='ltr'>in</span> <span class='ocrx_word' id='word_1_357' title='bbox 528 2965 795 3011; x_wconf 88' lang='lat' dir='ltr'>quaestionibus</span> <span class='ocrx_word' id='word_1_358' title='bbox 825 2967 917 3003; x_wconf 84' lang='lat' dir='ltr'>soleo</span> <span class='ocrx_word' id='word_1_359' title='bbox 947 2966 1094 3004; x_wconf 84' lang='lat' dir='ltr'>laudare</span> <span class='ocrx_word' id='word_1_360' title='bbox 1129 2967 1233 3003; x_wconf 87' lang='lat' dir='ltr'>unius</span> <span class='ocrx_word' id='word_1_361' title='bbox 1270 2967 1414 3003; x_wconf 87' lang='lat' dir='ltr'>tantum</span> <span class='ocrx_word' id='word_1_362' title='bbox 1451 2966 1619 3012; x_wconf 83' lang='lat' dir='ltr'>strophae</span> <span class='ocrx_word' id='word_1_363' title='bbox 1653 2976 1784 3003; x_wconf 66' lang='lat' dir='ltr'>versun.</span> 
     </span>
    </p>
   </div>
  </div>
 </body>
</html>
