1858 3320
0 1578 13 1634 1

0 1643 18 1761 Ξ

0 1761 17 2041 ἓ

0 2078 10 2180 Ξ

0 2433 10 2489 ἓ

705 218 996 262 —43—

30 345 35 372 7
68 351 254 406 primum
305 363 382 393 suo
428 350 527 406 jure
577 348 946 406 reprehenderunt
996 349 1252 404 interpretes
1305 350 1422 404 quod
1467 349 1637 405 Jupiter

70 423 336 464 quamquam
384 409 622 452 audivisset
659 409 931 451 concubitum
976 407 1150 463 quando
1189 408 1271 451 sibi
1309 408 1503 451 futurum
1541 422 1636 451 esse

21 490 28 521 γ
69 469 369 526 perniciosum,
405 468 513 511 adeo
543 467 722 510 libidine
753 472 980 524 raperetur
1006 472 1056 509 ut
1087 468 1389 510 concumberet
1409 482 1507 510 cum
1526 467 1636 510 Jone

23 550 25 554 ·
70 532 113 571 et
129 527 354 571 Alcmena:
377 542 565 583 namque
587 542 638 570 ex
659 527 742 570 hac
756 527 947 580 tandem,
971 541 1084 582 quae
1101 527 1197 582 ipsa
1216 527 1270 569 ab
1289 527 1429 569 altera
1443 527 1638 570 traheret

68 588 297 642 originem,
351 587 598 631 Promethei
653 587 930 630 liberatorem
986 601 1080 628 esse
1132 590 1349 629 naturum.
1442 586 1638 629 Alteram

23 637 31 687 '1
68 646 369 690 difficultatem
400 646 601 702 equidem
629 646 733 689 mihi
762 647 807 689 in
839 646 990 689 eodem
1016 645 1138 688 Jonis
1171 646 1363 701 episodio
1396 645 1637 701 depreden-

19 734 23 735 ν
69 706 184 749 disse
230 706 389 749 videor.
468 706 619 762 Neque
666 706 780 749 enim
819 709 1068 762 potuerunt,
1117 706 1161 747 ni
1192 705 1334 756 fallor,
1384 709 1637 762 exspectare

26 796 27 799 η
71 766 291 811 auditores
323 767 534 820 virginem
575 780 669 808 esse
705 767 1072 820 interrogaturam
1104 765 1302 820 quisnam
1333 765 1638 808 Prometheum

67 825 248 868 vinculis
288 831 402 868 esset
447 826 724 868 liberaturus.
806 824 920 867 Nam
965 827 1197 881 postquam
1232 825 1384 868 Jovem
1422 825 1560 867 filium
1592 838 1638 867 se

66 885 161 941 ipso
193 886 460 940 superiorem
507 885 753 939 geniturum
784 899 878 927 esse
910 885 1118 940 comperit
1155 888 1287 940 atque
1327 884 1493 927 audivit
1522 885 1638 940 peri-

71 945 215 987 culum
247 959 333 987 non
363 958 490 1000 posse
525 945 662 987 averti
683 945 766 986 nisi
796 944 915 986 illius
947 944 1128 987 vinculis
1161 944 1292 986 soluti
1322 944 1544 995 beneficio,
1578 944 1640 986 sie

14 1052 17 1057 ,
66 1003 157 1047 fere
196 1005 348 1059 opinor
385 1005 624 1047 orationem
670 1004 928 1047 instituisset
958 1007 1007 1046 ut
1038 1003 1201 1046 diceret
1237 1007 1414 1059 propter
1460 1018 1638 1046 causam

67 1063 196 1106 modo
227 1067 608 1106 commemoratam
648 1064 834 1106 alterum
870 1077 997 1119 posse
1036 1077 1213 1119 sperare
1261 1077 1356 1105 sese
1390 1077 1417 1105 a
1446 1063 1553 1106 Jove
1585 1064 1639 1104 iri

15 1152 18 1162 ,
67 1123 310 1175 liberatum,
359 1124 442 1165 nisi
472 1123 680 1166 voluisset
724 1127 855 1179 poeta
902 1123 1120 1178 quaedam
1167 1123 1321 1179 subjici
1360 1122 1414 1165 de
1451 1122 1639 1165 Hercule

69 1183 211 1225 altera
256 1183 301 1224 in
347 1182 500 1225 fabula
536 1183 840 1226 Prometheum
888 1182 1039 1238 aquila
1085 1183 1338 1238 catenisque
1385 1182 1635 1225 liberaturo.

66 1242 188 1285 Haec
240 1247 306 1284 est
351 1256 486 1285 causa
536 1257 614 1285 cur
663 1243 804 1298 virgo,
859 1242 975 1298 quod
1023 1242 1198 1298 quidem
1228 1256 1355 1285 nemo
1400 1245 1634 1298 exspectet,

15 1316 21 1330 ³⁴
67 1302 322 1356 interroget:

353 1360 409 1410 τίς
435 1359 506 1403 οὖν
536 1361 560 1401 ὁ
591 1361 722 1403 λύσων
753 1361 857 1403 ἐστὶν
889 1358 1052 1409 ἄκοντος
1081 1359 1188 1410 Διός,-

186 1420 272 1463 Sed
301 1420 382 1464 hoc
403 1420 457 1464 de
478 1421 689 1464 versiculo
722 1435 806 1463 non
827 1435 969 1476 pauca
991 1425 1092 1463 sunt
1118 1421 1401 1476 subjicienda.
1465 1420 1638 1463 Etenim

9 1497 21 1525 2
66 1481 251 1535 primum
273 1479 436 1536 Freyus
458 1482 624 1524 monuit
644 1482 689 1523 in
712 1480 992 1524 adnotatione
1013 1496 1054 1537 p.
1081 1481 1134 1523 10
1158 1481 1402 1549 subscripta
1427 1481 1641 1523 vocabula

6 1579 12 1586 .
70 1537 268 1583 »ἄκοντος
304 1538 417 1584 Διός<<
468 1540 610 1584 fronte
658 1541 844 1583 adversa
888 1554 1134 1596 repugnare
1182 1541 1222 1583 ei
1267 1542 1331 1583 rei
1384 1539 1501 1596 quod
1546 1541 1639 1595 ipse

66 1599 345 1642 Prometheus
368 1600 464 1643 aliis
485 1601 590 1643 locis
611 1601 888 1656 profiteretur
907 1600 1059 1643 Jovem
1085 1601 1228 1656 ipsum
1255 1600 1430 1656 quando
1459 1600 1639 1643 vinculis

69 1673 164 1702 sese
196 1673 290 1701 esse
323 1659 618 1702 liberaturum.
698 1660 866 1703 Deinde
904 1660 1118 1703 vocabula
1154 1660 1234 1702 illa
1265 1675 1343 1716 per
1381 1674 1428 1702 se
1466 1664 1640 1703 movent

68 1719 366 1774 suspicionem.
456 1719 627 1762 Etenim
676 1723 908 1775 postquam
959 1719 1035 1762 ille
1085 1720 1379 1775 interrogatus
1435 1724 1638 1775 possetne

67 1778 286 1834 prohiberi
318 1779 474 1821 summi
512 1779 582 1822 dei
619 1779 873 1836 periculum,
906 1779 1001 1822 fieri
1031 1793 1159 1835 posse
1191 1780 1384 1835 negavit,
1433 1780 1516 1821 nisi
1546 1780 1637 1835 ipse

66 1838 250 1881 vinculis
282 1842 396 1881 esset
417 1839 596 1891 solutus,
631 1842 943 1894 exspectamus,
977 1843 1026 1881 ut
1056 1839 1268 1882 retineam
1288 1840 1638 1906 interrogationis

67 1897 251 1940 formam
281 1898 364 1954 ipsi
395 1902 551 1953 poetae
582 1897 809 1954 placitam,
858 1898 966 1941 haec
1017 1899 1244 1952 »quisnam
1275 1898 1394 1942 Jovis
1436 1899 1562 1954 jussu
1593 1903 1637 1941 te

67 1951 317 2007 liberabit«;
351 1955 520 2002 ἄκοντος
548 1958 722 2013 quidem
753 1958 1055 2013 significationi
1085 1972 1263 2014 prorsus
1296 1958 1443 2001 obstat
1463 1962 1637 2001 senten-

70 2017 232 2059 tiarum
270 2030 500 2060 connexus.
563 2017 854 2061 Weckleinius
891 2018 1025 2072 igitur
1053 2019 1098 2059 in
1130 2018 1324 2073 opusculi
1356 2018 1472 2073 quod
1503 2032 1638 2074 supra

68 2077 196 2119 citavi
235 2092 275 2132 p.
317 2078 372 2120 30
413 2090 491 2119 suo
522 2078 620 2132 jure
665 2077 784 2120 facili
829 2077 1068 2120 mutatione
1116 2077 1312 2121 adhibita
1363 2078 1636 2120 scribendum

69 2137 293 2192 proposuit
343 2133 545 2181 »εἴκοντος
575 2135 688 2181 Aede«
735 2137 780 2179 h.
814 2151 850 2180 e.
899 2137 1078 2179 cedente
1109 2137 1238 2188 Jove,
1283 2151 1473 2192 namque
1521 2137 1637 2192 quod

68 2196 206 2238 suasit
242 2195 359 2238 idem
396 2195 508 2238 hanc
558 2194 775 2241 ‚axonam
825 2197 1024 2239 vocabuli
1070 2196 1400 2252 explicationem
1437 2202 1485 2240 ut
1524 2202 1638 2240 esset

67 2255 161 2298 loco
193 2255 392 2298 dictionis
428 2253 525 2312 »βίᾳ
558 2257 765 2311 φρενῶνα,
799 2257 926 2311 quasi
946 2256 1118 2312 Jupiter
1149 2271 1248 2299 eum
1279 2257 1443 2300 solvere
1472 2256 1637 2300 dicere-

64 2319 140 2357 tur
165 2319 353 2363 coactus,
378 2315 482 2357 mihi
505 2315 680 2370 quidem
695 2316 822 2358 nimis
845 2321 997 2370 argute
1018 2316 1192 2359 videtur
1212 2331 1307 2359 esse
1331 2318 1635 2372 excogitatum.

70 2374 242 2430 Optime
272 2389 401 2430 porro
432 2374 549 2418 idem
585 2376 798 2431 interpres
837 2390 950 2430 quae
984 2390 1011 2418 a
1041 2375 1293 2419 Philodemo
1333 2381 1435 2419 sunt
1472 2376 1638 2419 tradita

68 2433 329 2489 (Gomperzii
366 2434 479 2477 stud.
520 2435 648 2477 Herc.
680 2435 735 2477 II.
775 2436 845 2477 41.
887 2435 1081 2491 Westph.
1119 2436 1228 2491 prol.
1261 2451 1303 2491 p.
1338 2437 1437 2478 223.
1471 2435 1634 2478 Weckl.

0 2493 3 2501 '
67 2508 107 2549 p.
141 2492 218 2550 26)
250 2508 302 2536 ex
334 2494 534 2550 Aeschyli
571 2495 743 2537 fictione
775 2495 1078 2537 Prometheum
1110 2499 1209 2550 post
1238 2494 1454 2538 'lhemidis
1485 2496 1636 2538 vatici-

0 2563 5 2614 }
67 2553 185 2594 nium
228 2554 555 2608 pronuntiatum
588 2568 682 2596 esse
715 2554 921 2605 solutum,
971 2559 1015 2597 et
1046 2569 1158 2608 quae
1192 2559 1292 2597 sunt
1332 2555 1448 2611 apud
1493 2556 1635 2610 ipsum

0 2618 6 2660 'j
66 2617 235 2667 poetam
271 2611 357 2668 (vv.
395 2612 534 2655 174-
543 2614 641 2664 180,
676 2615 819 2655 520-
825 2615 929 2665 527,
965 2615 1073 2665 768,
1108 2615 1250 2656 988-
1258 2613 1363 2671 990)
1396 2614 1517 2656 illum
1550 2629 1636 2656 non

0 2676 6 2730 3'¹
68 2685 163 2714 esse
196 2671 465 2715 detecturum
496 2673 746 2714 vaticinium
778 2673 859 2714 nisi
891 2674 1011 2728 prius
1043 2673 1224 2715 vinculis
1246 2674 1489 2725 liberatum,
1522 2674 1637 2717 inter

68 2745 115 2774 se
147 2731 368 2786 conjunxit
399 2732 460 2774 sic
481 2735 529 2773 ut
560 2737 814 2787 provocaret
847 2732 902 2774 ad
937 2737 1238 2787 argumentum
1270 2734 1429 2790 Hygini
1460 2733 1635 2776 fabulae

71 2790 144 2841 14,
186 2790 300 2845 quod
334 2796 635 2845 argumentum
668 2806 719 2834 cx
751 2793 886 2847 ipsius
919 2792 1118 2847 Aeschyli
1157 2793 1393 2847 tragoediis
1432 2793 1635 2836 haustum

68 2864 162 2892 esse
210 2851 393 2893 censuit:
442 2851 591 2906 itaque
630 2852 783 2893 statuit
823 2851 938 2907 apud
977 2852 1089 2894 hunc
1136 2853 1277 2907 ipsum
1324 2857 1497 2909 poetam
1530 2853 1634 2895 Pro-

0 2912 3 2962 }
67 2910 284 2952 metheum
315 2910 620 2966 pronuntiasse
652 2910 758 2953 illud
781 2911 932 2954 matris
954 2911 1216 2963 vaticinium,
1250 2917 1480 2968 postquam
1502 2912 1634 2955 fidem

0 2968 5 2987 ⁷
70 2970 305 3026 accepisset
347 2983 441 3013 sese
488 2975 586 3026 post
631 2972 1026 3026 pronuntiationem
1067 2972 1119 3014 iri
1158 2971 1357 3015 solutum.
1436 2972 1560 3017 Hanc
1590 2973 1635 3017 in
