<?xml version="1.0" encoding="UTF-8"?>
<!DOCTYPE html PUBLIC "-//W3C//DTD XHTML 1.0 Transitional//EN"
    "http://www.w3.org/TR/xhtml1/DTD/xhtml1-transitional.dtd">
<html xmlns="http://www.w3.org/1999/xhtml" xml:lang="en" lang="en">
 <head>
  <title>
</title>
<meta http-equiv="Content-Type" content="text/html;charset=utf-8" />
  <meta name='ocr-system' content='tesseract 3.04.00' />
  <meta name='ocr-capabilities' content='ocr_page ocr_carea ocr_par ocr_line ocrx_word'/>
</head>
<body>
  <div class='ocr_page' id='page_1' title='image "./septemadversusth00rhuoft_0040.png"; bbox 0 0 1858 3320; ppageno 0'>
   <div class='ocr_carea' id='block_1_1' title="bbox 849 237 1139 278">
    <p class='ocr_par' dir='ltr' id='par_1_1' title="bbox 849 237 1139 278">
     <span class='ocr_line' id='line_1_1' title="bbox 849 237 1139 278; baseline 0.003 -1"><span class='ocrx_word' id='word_1_1' title='bbox 849 237 1139 278; x_wconf 78' lang='lat'>-36—</span> 
     </span>
    </p>
   </div>
   <div class='ocr_carea' id='block_1_2' title="bbox 209 364 1836 1195">
    <p class='ocr_par' dir='ltr' id='par_1_2' title="bbox 211 364 1835 776">
     <span class='ocr_line' id='line_1_2' title="bbox 213 364 1831 424; baseline -0.002 -12"><span class='ocrx_word' id='word_1_2' title='bbox 213 384 280 424; x_wconf 88' lang='lat' dir='ltr'>ap.</span> <span class='ocrx_word' id='word_1_3' title='bbox 314 367 474 411; x_wconf 88' lang='lat' dir='ltr'>Weckl.</span> <span class='ocrx_word' id='word_1_4' title='bbox 507 366 587 422; x_wconf 86' lang='lat' dir='ltr'>frg.</span> <span class='ocrx_word' id='word_1_5' title='bbox 620 364 833 423; x_wconf 85' lang='lat' dir='ltr'>VII—X),</span> <span class='ocrx_word' id='word_1_6' title='bbox 868 367 1070 420; x_wconf 80' lang='lat' dir='ltr'>augurari</span> <span class='ocrx_word' id='word_1_7' title='bbox 1102 370 1241 407; x_wconf 84' lang='lat' dir='ltr'>sortes</span> <span class='ocrx_word' id='word_1_8' title='bbox 1272 364 1454 416; x_wconf 80' lang='lat' dir='ltr'>futuras,</span> <span class='ocrx_word' id='word_1_9' title='bbox 1487 365 1621 408; x_wconf 83' lang='lat' dir='ltr'>habet</span> <span class='ocrx_word' id='word_1_10' title='bbox 1651 379 1778 420; x_wconf 87' lang='lat' dir='ltr'>prae-</span> <span class='ocrx_word' id='word_1_11' title='bbox 1830 395 1831 398; x_wconf 63' lang='lat'>,</span> 
     </span>
     <span class='ocr_line' id='line_1_3' title="bbox 213 424 1830 483; baseline -0.002 -12"><span class='ocrx_word' id='word_1_12' title='bbox 213 429 429 483; x_wconf 82' lang='lat' dir='ltr'>cognitum</span> <span class='ocrx_word' id='word_1_13' title='bbox 447 426 550 482; x_wconf 87' lang='lat' dir='ltr'>quid</span> <span class='ocrx_word' id='word_1_14' title='bbox 583 425 666 467; x_wconf 91' lang='lat' dir='ltr'>sibi</span> <span class='ocrx_word' id='word_1_15' title='bbox 697 426 780 480; x_wconf 89' lang='lat' dir='ltr'>ipsi</span> <span class='ocrx_word' id='word_1_16' title='bbox 811 425 868 467; x_wconf 90' lang='lat' dir='ltr'>sit</span> <span class='ocrx_word' id='word_1_17' title='bbox 900 424 1199 467; x_wconf 77' lang='lat' dir='ltr'><strong>obventurum.</strong></span> <span class='ocrx_word' id='word_1_18' title='bbox 1233 424 1318 467; x_wconf 85' lang='lat' dir='ltr'>Sed</span> <span class='ocrx_word' id='word_1_19' title='bbox 1350 424 1431 466; x_wconf 89' lang='lat' dir='ltr'>hac</span> <span class='ocrx_word' id='word_1_20' title='bbox 1462 439 1515 467; x_wconf 85' lang='lat' dir='ltr'>ex</span> <span class='ocrx_word' id='word_1_21' title='bbox 1546 439 1592 468; x_wconf 89' lang='lat' dir='ltr'>re</span> <span class='ocrx_word' id='word_1_22' title='bbox 1623 429 1777 480; x_wconf 81' lang='lat' dir='ltr'>poetae</span> <span class='ocrx_word' id='word_1_23' title='bbox 1828 438 1830 478; x_wconf 62' lang='lat' dir='ltr'>J</span> 
     </span>
     <span class='ocr_line' id='line_1_4' title="bbox 213 483 1778 539; baseline -0.003 -8"><span class='ocrx_word' id='word_1_24' title='bbox 213 489 364 531; x_wconf 87' lang='lat' dir='ltr'>oborta</span> <span class='ocrx_word' id='word_1_25' title='bbox 396 490 462 530; x_wconf 87' lang='lat' dir='ltr'>est</span> <span class='ocrx_word' id='word_1_26' title='bbox 494 499 661 528; x_wconf 88' lang='lat' dir='ltr'>summa</span> <span class='ocrx_word' id='word_1_27' title='bbox 692 483 943 527; x_wconf 84' lang='lat' dir='ltr'>difficultas:</span> <span class='ocrx_word' id='word_1_28' title='bbox 978 498 1078 526; x_wconf 90' lang='lat' dir='ltr'>nam</span> <span class='ocrx_word' id='word_1_29' title='bbox 1110 485 1171 526; x_wconf 91' lang='lat' dir='ltr'>sic</span> <span class='ocrx_word' id='word_1_30' title='bbox 1202 483 1353 526; x_wconf 83' lang='lat' dir='ltr'><strong>debuit</strong></span> <span class='ocrx_word' id='word_1_31' title='bbox 1383 484 1456 526; x_wconf 90' lang='lat' dir='ltr'>ille</span> <span class='ocrx_word' id='word_1_32' title='bbox 1490 485 1620 526; x_wconf 85' lang='lat' dir='ltr'>etiam</span> <span class='ocrx_word' id='word_1_33' title='bbox 1651 498 1778 539; x_wconf 84' lang='lat' dir='ltr'>prae-</span> 
     </span>
     <span class='ocr_line' id='line_1_5' title="bbox 213 542 1830 598; baseline -0.002 -9"><span class='ocrx_word' id='word_1_34' title='bbox 213 548 320 589; x_wconf 90' lang='lat' dir='ltr'>scire</span> <span class='ocrx_word' id='word_1_35' title='bbox 352 547 504 589; x_wconf 89' lang='lat' dir='ltr'>matris</span> <span class='ocrx_word' id='word_1_36' title='bbox 536 545 786 587; x_wconf 84' lang='lat' dir='ltr'><strong>vaticinium</strong></span> <span class='ocrx_word' id='word_1_37' title='bbox 815 557 973 586; x_wconf 89' lang='lat' dir='ltr'>vanum</span> <span class='ocrx_word' id='word_1_38' title='bbox 1007 557 1101 586; x_wconf 88' lang='grc'>0330</span> <span class='ocrx_word' id='word_1_39' title='bbox 1133 542 1327 586; x_wconf 82' lang='grc'>111111111111</span> <span class='ocrx_word' id='word_1_40' title='bbox 1360 547 1404 585; x_wconf 91' lang='grc'>01</span> <span class='ocrx_word' id='word_1_41' title='bbox 1436 557 1481 586; x_wconf 88' lang='grc'>30</span> <span class='ocrx_word' id='word_1_42' title='bbox 1513 544 1654 598; x_wconf 87' lang='lat' dir='ltr'>ipsum</span> <span class='ocrx_word' id='word_1_43' title='bbox 1685 544 1778 587; x_wconf 86' lang='lat' dir='ltr'>vin—</span> <span class='ocrx_word' id='word_1_44' title='bbox 1827 548 1830 551; x_wconf 72' lang='grc'>“</span> 
     </span>
     <span class='ocr_line' id='line_1_6' title="bbox 213 597 1780 670; baseline -0.002 -21"><span class='ocrx_word' id='word_1_45' title='bbox 213 606 318 649; x_wconf 86' lang='grc'>011113</span> <span class='ocrx_word' id='word_1_46' title='bbox 350 606 404 648; x_wconf 89' lang='grc'>111</span> <span class='ocrx_word' id='word_1_47' title='bbox 434 605 665 648; x_wconf 89' lang='lat' dir='ltr'>liberatum</span> <span class='ocrx_word' id='word_1_48' title='bbox 695 603 930 670; x_wconf 83' lang='lat' dir='ltr'>Jovemque</span> <span class='ocrx_word' id='word_1_49' title='bbox 967 617 1148 657; x_wconf 90' lang='lat' dir='ltr'>regnum</span> <span class='ocrx_word' id='word_1_50' title='bbox 1196 616 1291 645; x_wconf 86' lang='lat' dir='ltr'>esse</span> <span class='ocrx_word' id='word_1_51' title='bbox 1338 606 1623 646; x_wconf 87' lang='lat' dir='ltr'>servaturum.</span> <span class='ocrx_word' id='word_1_52' title='bbox 1686 597 1780 646; x_wconf 86' lang='lat' dir='ltr'>Hoc</span> 
     </span>
     <span class='ocr_line' id='line_1_7' title="bbox 211 661 1835 717; baseline -0.002 -9"><span class='ocrx_word' id='word_1_53' title='bbox 211 670 357 709; x_wconf 86' lang='lat' dir='ltr'>tamen</span> <span class='ocrx_word' id='word_1_54' title='bbox 387 663 632 707; x_wconf 75' lang='lat' dir='ltr'>Promethei</span> <span class='ocrx_word' id='word_1_55' title='bbox 662 663 935 717; x_wconf 80' lang='lat' dir='ltr'>praesagium</span> <span class='ocrx_word' id='word_1_56' title='bbox 968 666 1012 704; x_wconf 90' lang='lat' dir='ltr'>et</span> <span class='ocrx_word' id='word_1_57' title='bbox 1041 661 1257 704; x_wconf 77' lang='lat' dir='ltr'>Themidis</span> <span class='ocrx_word' id='word_1_58' title='bbox 1290 666 1503 704; x_wconf 89' lang='lat' dir='ltr'>secretum</span> <span class='ocrx_word' id='word_1_59' title='bbox 1536 661 1779 706; x_wconf 82' lang='lat' dir='ltr'>Kolischius</span> <span class='ocrx_word' id='word_1_60' title='bbox 1831 672 1835 697; x_wconf 64' lang='grc' dir='ltr'>ἑ</span> 
     </span>
     <span class='ocr_line' id='line_1_8' title="bbox 211 722 1834 776; baseline -0.004 -9"><span class='ocrx_word' id='word_1_61' title='bbox 211 724 460 767; x_wconf 84' lang='lat' dir='ltr'>inconcinne</span> <span class='ocrx_word' id='word_1_62' title='bbox 493 737 586 766; x_wconf 88' lang='lat' dir='ltr'>sese</span> <span class='ocrx_word' id='word_1_63' title='bbox 618 722 812 776; x_wconf 81' lang='lat' dir='ltr'>excipere</span> <span class='ocrx_word' id='word_1_64' title='bbox 845 722 1012 764; x_wconf 85' lang='lat' dir='ltr'>statuit.</span> <span class='ocrx_word' id='word_1_65' title='bbox 1833 757 1834 760; x_wconf 73' lang='grc'>,</span> 
     </span>
    </p>

    <p class='ocr_par' dir='ltr' id='par_1_3' title="bbox 209 781 1839 1195">
     <span class='ocr_line' id='line_1_9' title="bbox 332 781 1834 847; baseline -0.001 -21"><span class='ocrx_word' id='word_1_66' title='bbox 332 783 417 826; x_wconf 88' lang='lat' dir='ltr'>Sed</span> <span class='ocrx_word' id='word_1_67' title='bbox 451 783 719 837; x_wconf 86' lang='lat' dir='ltr'>inquiramus</span> <span class='ocrx_word' id='word_1_68' title='bbox 759 781 998 823; x_wconf 81' lang='lat' dir='ltr'>accuratius</span> <span class='ocrx_word' id='word_1_69' title='bbox 1039 794 1225 847; x_wconf 86' lang='lat' dir='ltr'>quanam</span> <span class='ocrx_word' id='word_1_70' title='bbox 1264 781 1431 824; x_wconf 87' lang='lat' dir='ltr'>ratione</span> <span class='ocrx_word' id='word_1_71' title='bbox 1469 785 1600 836; x_wconf 90' lang='lat' dir='ltr'>poeta</span> <span class='ocrx_word' id='word_1_72' title='bbox 1636 781 1703 824; x_wconf 88' lang='lat' dir='ltr'>his</span> <span class='ocrx_word' id='word_1_73' title='bbox 1733 782 1778 824; x_wconf 93' lang='lat' dir='ltr'>in</span> <span class='ocrx_word' id='word_1_74' title='bbox 1831 810 1834 811; x_wconf 29' lang='grc' dir='ltr'><em>ν</em></span> 
     </span>
     <span class='ocr_line' id='line_1_10' title="bbox 210 840 1780 910; baseline -0.001 -24"><span class='ocrx_word' id='word_1_75' title='bbox 210 844 338 886; x_wconf 89' lang='lat' dir='ltr'>rebus</span> <span class='ocrx_word' id='word_1_76' title='bbox 385 843 443 884; x_wconf 88' lang='lat' dir='ltr'>sit</span> <span class='ocrx_word' id='word_1_77' title='bbox 487 856 590 884; x_wconf 88' lang='lat' dir='ltr'>usus</span> <span class='ocrx_word' id='word_1_78' title='bbox 627 841 729 883; x_wconf 89' lang='lat' dir='ltr'>inde</span> <span class='ocrx_word' id='word_1_79' title='bbox 768 854 794 882; x_wconf 92' lang='lat' dir='ltr'>a</span> <span class='ocrx_word' id='word_1_80' title='bbox 830 840 1004 883; x_wconf 81' lang='lat' dir='ltr'>fabulae</span> <span class='ocrx_word' id='word_1_81' title='bbox 1042 840 1179 891; x_wconf 89' lang='lat' dir='ltr'>initio,</span> <span class='ocrx_word' id='word_1_82' title='bbox 1219 841 1476 896; x_wconf 86' lang='lat' dir='ltr'>praesertim</span> <span class='ocrx_word' id='word_1_83' title='bbox 1514 855 1611 883; x_wconf 92' lang='lat' dir='ltr'>cum</span> <span class='ocrx_word' id='word_1_84' title='bbox 1642 854 1780 910; x_wconf 86' lang='lat' dir='ltr'>nuper</span> 
     </span>
     <span class='ocr_line' id='line_1_11' title="bbox 210 899 1778 955; baseline -0.001 -10"><span class='ocrx_word' id='word_1_85' title='bbox 210 901 512 953; x_wconf 88' lang='lat' dir='ltr'>Weckleinius,</span> <span class='ocrx_word' id='word_1_86' title='bbox 561 901 626 943; x_wconf 87' lang='lat' dir='ltr'>vir</span> <span class='ocrx_word' id='word_1_87' title='bbox 672 900 725 943; x_wconf 91' lang='lat' dir='ltr'>de</span> <span class='ocrx_word' id='word_1_88' title='bbox 772 900 972 955; x_wconf 84' lang='lat' dir='ltr'>Aeschyli</span> <span class='ocrx_word' id='word_1_89' title='bbox 1019 899 1255 954; x_wconf 89' lang='lat' dir='ltr'>tragoediis</span> <span class='ocrx_word' id='word_1_90' title='bbox 1288 901 1449 954; x_wconf 87' lang='lat' dir='ltr'>optime</span> <span class='ocrx_word' id='word_1_91' title='bbox 1497 901 1691 951; x_wconf 83' lang='lat' dir='ltr'>meritus,</span> <span class='ocrx_word' id='word_1_92' title='bbox 1733 901 1778 943; x_wconf 91' lang='lat' dir='ltr'>in</span> 
     </span>
     <span class='ocr_line' id='line_1_12' title="bbox 211 958 1836 1017; baseline -0.001 -13"><span class='ocrx_word' id='word_1_93' title='bbox 211 962 350 1017; x_wconf 90' lang='lat' dir='ltr'>operis</span> <span class='ocrx_word' id='word_1_94' title='bbox 384 960 500 1016; x_wconf 90' lang='lat' dir='ltr'>quod</span> <span class='ocrx_word' id='word_1_95' title='bbox 530 959 781 1002; x_wconf 78' lang='lat' dir='ltr'>insclibitur</span> <span class='ocrx_word' id='word_1_96' title='bbox 823 959 1028 1002; x_wconf 79' lang='lat' dir='ltr'>»Studien</span> <span class='ocrx_word' id='word_1_97' title='bbox 1062 974 1114 1010; x_wconf 86' lang='lat' dir='ltr'>zu</span> <span class='ocrx_word' id='word_1_98' title='bbox 1144 959 1407 1015; x_wconf 82' lang='lat' dir='ltr'>Aeschylus«</span> <span class='ocrx_word' id='word_1_99' title='bbox 1443 958 1608 1016; x_wconf 87' lang='lat' dir='ltr'>(Berlin</span> <span class='ocrx_word' id='word_1_100' title='bbox 1642 961 1777 1015; x_wconf 84' lang='lat'>1872)</span> <span class='ocrx_word' id='word_1_101' title='bbox 1834 991 1836 994; x_wconf 33' lang='lat' dir='ltr'>v</span> 
     </span>
     <span class='ocr_line' id='line_1_13' title="bbox 209 1019 1778 1077; baseline -0.001 -14"><span class='ocrx_word' id='word_1_102' title='bbox 209 1037 250 1077; x_wconf 88' lang='lat' dir='ltr'>p.</span> <span class='ocrx_word' id='word_1_103' title='bbox 284 1021 340 1063; x_wconf 83' lang='lat'>42</span> <span class='ocrx_word' id='word_1_104' title='bbox 373 1020 655 1063; x_wconf 82' lang='lat' dir='ltr'>vehementur</span> <span class='ocrx_word' id='word_1_105' title='bbox 681 1020 832 1075; x_wconf 88' lang='lat' dir='ltr'>juvare</span> <span class='ocrx_word' id='word_1_106' title='bbox 864 1019 1080 1062; x_wconf 88' lang='lat' dir='ltr'>monuerit</span> <span class='ocrx_word' id='word_1_107' title='bbox 1115 1019 1318 1074; x_wconf 85' lang='lat' dir='ltr'>persequi</span> <span class='ocrx_word' id='word_1_108' title='bbox 1357 1019 1572 1074; x_wconf 90' lang='lat' dir='ltr'>quomodo</span> <span class='ocrx_word' id='word_1_109' title='bbox 1611 1022 1778 1062; x_wconf 85' lang='lat' dir='ltr'>secreto</span> 
     </span>
     <span class='ocr_line' id='line_1_14' title="bbox 209 1077 1778 1134; baseline 0 -12"><span class='ocrx_word' id='word_1_110' title='bbox 209 1080 282 1123; x_wconf 92' lang='lat' dir='ltr'>illo</span> <span class='ocrx_word' id='word_1_111' title='bbox 320 1079 543 1122; x_wconf 88' lang='lat' dir='ltr'>fulciretur</span> <span class='ocrx_word' id='word_1_112' title='bbox 581 1079 716 1121; x_wconf 90' lang='lat' dir='ltr'>totius</span> <span class='ocrx_word' id='word_1_113' title='bbox 754 1077 926 1121; x_wconf 86' lang='lat' dir='ltr'>fabulae</span> <span class='ocrx_word' id='word_1_114' title='bbox 964 1092 1232 1134; x_wconf 87' lang='lat' dir='ltr'>progressus.</span> <span class='ocrx_word' id='word_1_115' title='bbox 1296 1078 1439 1133; x_wconf 87' lang='lat' dir='ltr'>Atque</span> <span class='ocrx_word' id='word_1_116' title='bbox 1477 1079 1660 1122; x_wconf 88' lang='lat' dir='ltr'>offendit</span> <span class='ocrx_word' id='word_1_117' title='bbox 1689 1079 1778 1122; x_wconf 90' lang='lat' dir='ltr'>Ko-</span> 
     </span>
     <span class='ocr_line' id='line_1_15' title="bbox 209 1137 1777 1195; baseline 0 -14"><span class='ocrx_word' id='word_1_118' title='bbox 209 1139 405 1182; x_wconf 90' lang='lat' dir='ltr'>lischium</span> <span class='ocrx_word' id='word_1_119' title='bbox 442 1155 483 1195; x_wconf 88' lang='lat' dir='ltr'>p.</span> <span class='ocrx_word' id='word_1_120' title='bbox 518 1140 544 1181; x_wconf 83' lang='lat'><em>8</em></span> <span class='ocrx_word' id='word_1_121' title='bbox 583 1138 699 1193; x_wconf 90' lang='lat' dir='ltr'>quod</span> <span class='ocrx_word' id='word_1_122' title='bbox 736 1142 865 1193; x_wconf 89' lang='lat' dir='ltr'>poeta</span> <span class='ocrx_word' id='word_1_123' title='bbox 902 1152 1043 1193; x_wconf 90' lang='lat' dir='ltr'>neque</span> <span class='ocrx_word' id='word_1_124' title='bbox 1082 1137 1230 1180; x_wconf 88' lang='lat' dir='ltr'>Robur</span> <span class='ocrx_word' id='word_1_125' title='bbox 1268 1151 1409 1192; x_wconf 92' lang='lat' dir='ltr'>neque</span> <span class='ocrx_word' id='word_1_126' title='bbox 1440 1138 1682 1181; x_wconf 84' lang='lat' dir='ltr'>Vulcanum</span> <span class='ocrx_word' id='word_1_127' title='bbox 1713 1137 1777 1181; x_wconf 88' lang='lat' dir='ltr'>fe·</span> 
     </span>
    </p>
   </div>
   <div class='ocr_carea' id='block_1_3' title="bbox 209 1197 1846 1252">
    <p class='ocr_par' dir='ltr' id='par_1_4' title="bbox 209 1197 1846 1252">
     <span class='ocr_line' id='line_1_16' title="bbox 209 1197 1846 1252; baseline 0 -10"><span class='ocrx_word' id='word_1_128' title='bbox 209 1200 338 1242; x_wconf 90' lang='lat' dir='ltr'>cisset</span> <span class='ocrx_word' id='word_1_129' title='bbox 376 1201 781 1241; x_wconf 85' lang='lat' dir='ltr'>commemorantem</span> <span class='ocrx_word' id='word_1_130' title='bbox 821 1197 1068 1240; x_wconf 86' lang='lat' dir='ltr'>Promethei</span> <span class='ocrx_word' id='word_1_131' title='bbox 1105 1197 1366 1247; x_wconf 78' lang='lat' dir='ltr'>vaticinium,</span> <span class='ocrx_word' id='word_1_132' title='bbox 1401 1211 1665 1252; x_wconf 86' lang='lat' dir='ltr'>quamquam</span> <span class='ocrx_word' id='word_1_133' title='bbox 1703 1197 1778 1241; x_wconf 84' lang='lat' dir='ltr'>ille</span> <span class='ocrx_word' id='word_1_134' title='bbox 1842 1238 1846 1242; x_wconf 92' lang='lat'>.</span> 
     </span>
    </p>
   </div>
   <div class='ocr_carea' id='block_1_4' title="bbox 209 1254 1838 1375">
    <p class='ocr_par' dir='ltr' id='par_1_5' title="bbox 209 1254 1838 1375">
     <span class='ocr_line' id='line_1_17' title="bbox 210 1254 1838 1314; baseline -0.001 -13"><span class='ocrx_word' id='word_1_135' title='bbox 210 1260 302 1314; x_wconf 87' lang='lat' dir='ltr'>ejus</span> <span class='ocrx_word' id='word_1_136' title='bbox 334 1272 490 1301; x_wconf 86' lang='lat' dir='ltr'>nomen</span> <span class='ocrx_word' id='word_1_137' title='bbox 522 1255 741 1300; x_wconf 88' lang='lat' dir='ltr'>derideret</span> <span class='ocrx_word' id='word_1_138' title='bbox 773 1257 829 1312; x_wconf 89' lang='lat' dir='ltr'>(v.</span> <span class='ocrx_word' id='word_1_139' title='bbox 856 1254 943 1313; x_wconf 84' lang='lat'>85),</span> <span class='ocrx_word' id='word_1_140' title='bbox 978 1256 1047 1298; x_wconf 92' lang='lat' dir='ltr'>hic</span> <span class='ocrx_word' id='word_1_141' title='bbox 1080 1270 1178 1298; x_wconf 91' lang='lat' dir='ltr'>eum</span> <span class='ocrx_word' id='word_1_142' title='bbox 1210 1260 1383 1299; x_wconf 88' lang='lat' dir='ltr'>vocaret</span> <span class='ocrx_word' id='word_1_143' title='bbox 1403 1254 1620 1299; x_wconf 85' lang='lat' dir='ltr'>Themidis</span> <span class='ocrx_word' id='word_1_144' title='bbox 1640 1257 1778 1300; x_wconf 89' lang='lat' dir='ltr'>filium</span> <span class='ocrx_word' id='word_1_145' title='bbox 1836 1259 1838 1262; x_wconf 76' lang='grc'>’</span> 
     </span>
     <span class='ocr_line' id='line_1_18' title="bbox 209 1315 1838 1375; baseline -0.001 -15"><span class='ocrx_word' id='word_1_146' title='bbox 209 1316 266 1375; x_wconf 89' lang='lat' dir='ltr'>(v.</span> <span class='ocrx_word' id='word_1_147' title='bbox 303 1318 391 1373; x_wconf 88' lang='lat'>18).</span> <span class='ocrx_word' id='word_1_148' title='bbox 454 1317 547 1359; x_wconf 91' lang='lat' dir='ltr'>Hoc</span> <span class='ocrx_word' id='word_1_149' title='bbox 589 1316 749 1372; x_wconf 86' lang='lat' dir='ltr'>judicio</span> <span class='ocrx_word' id='word_1_150' title='bbox 796 1315 903 1362; x_wconf 88' lang='lat' dir='ltr'>nihil</span> <span class='ocrx_word' id='word_1_151' title='bbox 950 1316 1130 1370; x_wconf 87' lang='lat' dir='ltr'>cogitari</span> <span class='ocrx_word' id='word_1_152' title='bbox 1176 1319 1321 1371; x_wconf 89' lang='lat' dir='ltr'>potest</span> <span class='ocrx_word' id='word_1_153' title='bbox 1366 1317 1628 1371; x_wconf 88' lang='lat' dir='ltr'>perversius:</span> <span class='ocrx_word' id='word_1_154' title='bbox 1677 1330 1777 1360; x_wconf 85' lang='lat' dir='ltr'>nam</span> <span class='ocrx_word' id='word_1_155' title='bbox 1836 1355 1838 1358; x_wconf 81' lang='grc'>,</span> 
     </span>
    </p>
   </div>
   <div class='ocr_carea' id='block_1_5' title="bbox 209 1375 1847 1444">
    <p class='ocr_par' dir='ltr' id='par_1_6' title="bbox 209 1375 1847 1444">
     <span class='ocr_line' id='line_1_19' title="bbox 209 1375 1847 1444; baseline 0.002 -25"><span class='ocrx_word' id='word_1_156' title='bbox 209 1378 367 1432; x_wconf 91' lang='lat' dir='ltr'>optime</span> <span class='ocrx_word' id='word_1_157' title='bbox 401 1376 593 1444; x_wconf 85' lang='lat' dir='ltr'>singulae</span> <span class='ocrx_word' id='word_1_158' title='bbox 625 1389 847 1431; x_wconf 84' lang='lat' dir='ltr'>personae,</span> <span class='ocrx_word' id='word_1_159' title='bbox 895 1375 1082 1431; x_wconf 90' lang='lat' dir='ltr'>primum</span> <span class='ocrx_word' id='word_1_160' title='bbox 1114 1376 1207 1431; x_wconf 84' lang='lat' dir='ltr'>ejus</span> <span class='ocrx_word' id='word_1_161' title='bbox 1238 1376 1431 1418; x_wconf 87' lang='lat' dir='ltr'>vaticinii</span> <span class='ocrx_word' id='word_1_162' title='bbox 1461 1376 1678 1432; x_wconf 85' lang='lat' dir='ltr'>sortisque</span> <span class='ocrx_word' id='word_1_163' title='bbox 1708 1375 1777 1418; x_wconf 78' lang='lat' dir='ltr'>fu·</span> <span class='ocrx_word' id='word_1_164' title='bbox 1840 1395 1847 1422; x_wconf 73' lang='lat'>2</span> 
     </span>
    </p>
   </div>
   <div class='ocr_carea' id='block_1_6' title="bbox 202 1434 1849 3037">
    <p class='ocr_par' dir='ltr' id='par_1_7' title="bbox 204 1434 1849 1966">
     <span class='ocr_line' id='line_1_20' title="bbox 208 1434 1847 1494; baseline 0.001 -16"><span class='ocrx_word' id='word_1_165' title='bbox 208 1441 332 1479; x_wconf 90' lang='lat' dir='ltr'>turae</span> <span class='ocrx_word' id='word_1_166' title='bbox 378 1436 551 1487; x_wconf 88' lang='lat' dir='ltr'>insciae,</span> <span class='ocrx_word' id='word_1_167' title='bbox 599 1435 665 1477; x_wconf 91' lang='lat' dir='ltr'>his</span> <span class='ocrx_word' id='word_1_168' title='bbox 713 1434 767 1478; x_wconf 87' lang='lat' dir='ltr'>de</span> <span class='ocrx_word' id='word_1_169' title='bbox 814 1435 943 1477; x_wconf 90' lang='lat' dir='ltr'>rebus</span> <span class='ocrx_word' id='word_1_170' title='bbox 989 1435 1127 1490; x_wconf 86' lang='lat' dir='ltr'>magis</span> <span class='ocrx_word' id='word_1_171' title='bbox 1179 1435 1405 1490; x_wconf 85' lang='lat' dir='ltr'>magisque</span> <span class='ocrx_word' id='word_1_172' title='bbox 1455 1435 1568 1478; x_wconf 89' lang='lat' dir='ltr'>fiunt</span> <span class='ocrx_word' id='word_1_173' title='bbox 1618 1439 1776 1479; x_wconf 83' lang='lat' dir='ltr'>certae.</span> <span class='ocrx_word' id='word_1_174' title='bbox 1840 1482 1847 1494; x_wconf 35' lang='grc' dir='ltr'><strong><em>Ἰ</em></strong></span> 
     </span>
     <span class='ocr_line' id='line_1_21' title="bbox 208 1493 1847 1550; baseline 0 -12"><span class='ocrx_word' id='word_1_175' title='bbox 208 1496 400 1538; x_wconf 84' lang='grc' dir='ltr'>Ρ1111111111</span> <span class='ocrx_word' id='word_1_176' title='bbox 433 1499 579 1537; x_wconf 88' lang='lat' dir='ltr'>autem</span> <span class='ocrx_word' id='word_1_177' title='bbox 609 1494 893 1538; x_wconf 88' lang='lat' dir='ltr'>Prometheus</span> <span class='ocrx_word' id='word_1_178' title='bbox 925 1494 1031 1549; x_wconf 88' lang='lat' dir='ltr'>quid</span> <span class='ocrx_word' id='word_1_179' title='bbox 1064 1509 1141 1536; x_wconf 92' lang='lat' dir='ltr'>suo</span> <span class='ocrx_word' id='word_1_180' title='bbox 1167 1493 1221 1536; x_wconf 91' lang='lat' dir='ltr'>de</span> <span class='ocrx_word' id='word_1_181' title='bbox 1242 1494 1332 1537; x_wconf 87' lang='lat' dir='ltr'>fato</span> <span class='ocrx_word' id='word_1_182' title='bbox 1354 1495 1535 1537; x_wconf 88' lang='lat' dir='ltr'>haberet</span> <span class='ocrx_word' id='word_1_183' title='bbox 1555 1496 1774 1550; x_wconf 86' lang='lat' dir='ltr'>cognitum</span> <span class='ocrx_word' id='word_1_184' title='bbox 1841 1510 1847 1547; x_wconf 68' lang='grc' dir='ltr'>ς</span> 
     </span>
     <span class='ocr_line' id='line_1_22' title="bbox 209 1553 1848 1610; baseline 0.001 -13"><span class='ocrx_word' id='word_1_185' title='bbox 209 1559 275 1598; x_wconf 90' lang='grc'>031</span> <span class='ocrx_word' id='word_1_186' title='bbox 305 1554 535 1610; x_wconf 87' lang='lat' dir='ltr'>professus,</span> <span class='ocrx_word' id='word_1_187' title='bbox 569 1558 800 1609; x_wconf 90' lang='lat' dir='ltr'>postquam</span> <span class='ocrx_word' id='word_1_188' title='bbox 830 1558 930 1608; x_wconf 91' lang='lat' dir='ltr'>post</span> <span class='ocrx_word' id='word_1_189' title='bbox 961 1555 1054 1610; x_wconf 91' lang='lat' dir='ltr'>ejus</span> <span class='ocrx_word' id='word_1_190' title='bbox 1076 1553 1382 1608; x_wconf 87' lang='lat' dir='ltr'>adligationem</span> <span class='ocrx_word' id='word_1_191' title='bbox 1413 1554 1467 1597; x_wconf 90' lang='lat' dir='ltr'>de</span> <span class='ocrx_word' id='word_1_192' title='bbox 1500 1568 1628 1597; x_wconf 89' lang='lat' dir='ltr'>scena</span> <span class='ocrx_word' id='word_1_193' title='bbox 1657 1555 1775 1598; x_wconf 86' lang='lat' dir='ltr'>abie-</span> <span class='ocrx_word' id='word_1_194' title='bbox 1846 1600 1848 1602; x_wconf 77' lang='grc'><strong>,</strong></span> 
     </span>
     <span class='ocr_line' id='line_1_23' title="bbox 209 1613 1849 1668; baseline 0.001 -12"><span class='ocrx_word' id='word_1_195' title='bbox 209 1618 310 1656; x_wconf 85' lang='lat' dir='ltr'>runt</span> <span class='ocrx_word' id='word_1_196' title='bbox 341 1615 485 1657; x_wconf 89' lang='lat' dir='ltr'>ceteri.</span> <span class='ocrx_word' id='word_1_197' title='bbox 548 1613 744 1668; x_wconf 87' lang='lat' dir='ltr'>Namque</span> <span class='ocrx_word' id='word_1_198' title='bbox 776 1614 887 1668; x_wconf 90' lang='lat' dir='ltr'>petit</span> <span class='ocrx_word' id='word_1_199' title='bbox 918 1627 944 1655; x_wconf 90' lang='lat' dir='ltr'>a</span> <span class='ocrx_word' id='word_1_200' title='bbox 976 1613 1058 1655; x_wconf 89' lang='lat' dir='ltr'>diis</span> <span class='ocrx_word' id='word_1_201' title='bbox 1081 1613 1340 1668; x_wconf 88' lang='lat' dir='ltr'>quibusdam</span> <span class='ocrx_word' id='word_1_202' title='bbox 1372 1618 1423 1656; x_wconf 90' lang='lat' dir='ltr'>ut</span> <span class='ocrx_word' id='word_1_203' title='bbox 1454 1629 1643 1657; x_wconf 88' lang='lat' dir='ltr'>summos</span> <span class='ocrx_word' id='word_1_204' title='bbox 1675 1628 1776 1657; x_wconf 86' lang='lat' dir='ltr'>suos</span> <span class='ocrx_word' id='word_1_205' title='bbox 1838 1631 1849 1668; x_wconf 34' lang='grc' dir='ltr'>’ἢ</span> 
     </span>
     <span class='ocr_line' id='line_1_24' title="bbox 204 1673 1772 1728; baseline 0 -12"><span class='ocrx_word' id='word_1_206' title='bbox 204 1674 372 1716; x_wconf 85' lang='lat' dir='ltr'>labores</span> <span class='ocrx_word' id='word_1_207' title='bbox 404 1673 662 1728; x_wconf 88' lang='lat' dir='ltr'>adspiciant:</span> <span class='ocrx_word' id='word_1_208' title='bbox 713 1673 773 1715; x_wconf 92' lang='lat' dir='ltr'>sic</span> <span class='ocrx_word' id='word_1_209' title='bbox 813 1687 907 1715; x_wconf 89' lang='lat' dir='ltr'>sese</span> <span class='ocrx_word' id='word_1_210' title='bbox 946 1674 1001 1715; x_wconf 89' lang='lat' dir='ltr'>iri</span> <span class='ocrx_word' id='word_1_211' title='bbox 1033 1674 1270 1715; x_wconf 86' lang='lat' dir='ltr'>cruciatum</span> <span class='ocrx_word' id='word_1_212' title='bbox 1300 1688 1378 1728; x_wconf 88' lang='lat' dir='ltr'>per</span> <span class='ocrx_word' id='word_1_213' title='bbox 1413 1673 1532 1716; x_wconf 85' lang='lat' dir='ltr'>milia</span> <span class='ocrx_word' id='word_1_214' title='bbox 1562 1687 1772 1718; x_wconf 86' lang='lat' dir='ltr'>annorum</span> 
     </span>
     <span class='ocr_line' id='line_1_25' title="bbox 206 1731 1773 1790; baseline -0.001 -14"><span class='ocrx_word' id='word_1_215' title='bbox 206 1731 291 1790; x_wconf 86' lang='lat' dir='ltr'>(vv.</span> <span class='ocrx_word' id='word_1_216' title='bbox 326 1733 534 1788; x_wconf 82' lang='lat'>92-95).</span> <span class='ocrx_word' id='word_1_217' title='bbox 586 1731 755 1775; x_wconf 87' lang='lat' dir='ltr'>Deinde</span> <span class='ocrx_word' id='word_1_218' title='bbox 786 1732 932 1787; x_wconf 89' lang='lat' dir='ltr'>paullo</span> <span class='ocrx_word' id='word_1_219' title='bbox 963 1732 1141 1775; x_wconf 86' lang='lat' dir='ltr'>inferius</span> <span class='ocrx_word' id='word_1_220' title='bbox 1172 1736 1351 1788; x_wconf 88' lang='lat' dir='ltr'>propter</span> <span class='ocrx_word' id='word_1_221' title='bbox 1377 1733 1573 1775; x_wconf 88' lang='lat' dir='ltr'>dolorum</span> <span class='ocrx_word' id='word_1_222' title='bbox 1605 1734 1773 1788; x_wconf 85' lang='lat' dir='ltr'>magni-</span> 
     </span>
     <span class='ocr_line' id='line_1_26' title="bbox 205 1791 1773 1847; baseline 0.001 -13"><span class='ocrx_word' id='word_1_223' title='bbox 205 1792 399 1835; x_wconf 86' lang='lat' dir='ltr'>tudinem</span> <span class='ocrx_word' id='word_1_224' title='bbox 435 1792 627 1835; x_wconf 84' lang='lat' dir='ltr'>vaticinii</span> <span class='ocrx_word' id='word_1_225' title='bbox 665 1791 747 1834; x_wconf 88' lang='lat' dir='ltr'>sibi</span> <span class='ocrx_word' id='word_1_226' title='bbox 783 1793 876 1847; x_wconf 90' lang='lat' dir='ltr'>ipse</span> <span class='ocrx_word' id='word_1_227' title='bbox 914 1793 1107 1834; x_wconf 90' lang='lat' dir='ltr'>conscius</span> <span class='ocrx_word' id='word_1_228' title='bbox 1146 1806 1240 1834; x_wconf 87' lang='lat' dir='ltr'>esse</span> <span class='ocrx_word' id='word_1_229' title='bbox 1277 1792 1386 1835; x_wconf 87' lang='lat' dir='ltr'>adeo</span> <span class='ocrx_word' id='word_1_230' title='bbox 1429 1793 1588 1835; x_wconf 89' lang='lat' dir='ltr'>desinit</span> <span class='ocrx_word' id='word_1_231' title='bbox 1617 1797 1668 1835; x_wconf 93' lang='lat' dir='ltr'>ut</span> <span class='ocrx_word' id='word_1_232' title='bbox 1698 1807 1773 1836; x_wconf 87' lang='lat' dir='ltr'>ex-</span> 
     </span>
     <span class='ocr_line' id='line_1_27' title="bbox 205 1851 1771 1907; baseline 0.002 -14"><span class='ocrx_word' id='word_1_233' title='bbox 205 1852 361 1894; x_wconf 89' lang='lat' dir='ltr'>clamet</span> <span class='ocrx_word' id='word_1_234' title='bbox 407 1851 579 1907; x_wconf 86' lang='lat' dir='ltr'>quando</span> <span class='ocrx_word' id='word_1_235' title='bbox 626 1851 802 1893; x_wconf 87' lang='lat' dir='ltr'>tandem</span> <span class='ocrx_word' id='word_1_236' title='bbox 847 1851 1043 1894; x_wconf 88' lang='lat' dir='ltr'>laborum</span> <span class='ocrx_word' id='word_1_237' title='bbox 1080 1851 1179 1893; x_wconf 88' lang='lat' dir='ltr'>finis</span> <span class='ocrx_word' id='word_1_238' title='bbox 1211 1853 1269 1894; x_wconf 89' lang='lat' dir='ltr'>sit</span> <span class='ocrx_word' id='word_1_239' title='bbox 1297 1851 1489 1894; x_wconf 87' lang='lat' dir='ltr'>futurus:</span> <span class='ocrx_word' id='word_1_240' title='bbox 1546 1852 1771 1896; x_wconf 84' lang='lat' dir='ltr'>sedtamen</span> 
     </span>
     <span class='ocr_line' id='line_1_28' title="bbox 204 1911 1262 1966; baseline 0.001 -14"><span class='ocrx_word' id='word_1_241' title='bbox 204 1912 296 1965; x_wconf 89' lang='lat' dir='ltr'>ipse</span> <span class='ocrx_word' id='word_1_242' title='bbox 328 1915 378 1953; x_wconf 92' lang='lat' dir='ltr'>ut</span> <span class='ocrx_word' id='word_1_243' title='bbox 409 1925 531 1953; x_wconf 90' lang='lat' dir='ltr'>suam</span> <span class='ocrx_word' id='word_1_244' title='bbox 564 1911 802 1953; x_wconf 89' lang='lat' dir='ltr'>orationem</span> <span class='ocrx_word' id='word_1_245' title='bbox 835 1911 1035 1965; x_wconf 86' lang='lat' dir='ltr'>corrigat,</span> <span class='ocrx_word' id='word_1_246' title='bbox 1070 1911 1262 1966; x_wconf 86' lang='lat' dir='ltr'>subjicit:</span> 
     </span>
    </p>

    <p class='ocr_par' dir='ltr' id='par_1_8' title="bbox 517 1968 1378 2042">
     <span class='ocr_line' id='line_1_29' title="bbox 517 1968 1378 2042; baseline 0.001 -31"><span class='ocrx_word' id='word_1_247' title='bbox 517 1985 639 2011; x_wconf 69' lang='grc' dir='ltr'><strong><em>καίτοι</em></strong></span> <span class='ocrx_word' id='word_1_248' title='bbox 669 1968 707 2011; x_wconf 73' lang='lat' dir='ltr'>TC</span> <span class='ocrx_word' id='word_1_249' title='bbox 733 1985 854 2042; x_wconf 47' lang='lat' dir='ltr'>lovcal,-</span> <span class='ocrx_word' id='word_1_250' title='bbox 885 1985 1012 2011; x_wconf 66' lang='lat' dir='ltr'>mvsa</span> <span class='ocrx_word' id='word_1_251' title='bbox 1043 1969 1378 2027; x_wconf 69' lang='grc' dir='ltr'><em>πρθθξεπίθῗαμαζ</em></span> 
     </span>
    </p>

    <p class='ocr_par' dir='ltr' id='par_1_9' title="bbox 517 2027 1444 2086">
     <span class='ocr_line' id='line_1_30' title="bbox 517 2027 1444 2086; baseline 0.001 -16"><span class='ocrx_word' id='word_1_252' title='bbox 517 2027 702 2086; x_wconf 67' lang='grc' dir='ltr'><em>σκεθρῶς</em></span> <span class='ocrx_word' id='word_1_253' title='bbox 729 2028 776 2070; x_wconf 85' lang='grc' dir='ltr'>τὰ</span> <span class='ocrx_word' id='word_1_254' title='bbox 802 2028 993 2085; x_wconf 57' lang='grc' dir='ltr'><em>μέλλονθ,</em></span> <span class='ocrx_word' id='word_1_255' title='bbox 1026 2029 1123 2071; x_wconf 76' lang='grc' dir='ltr'><em>οὐδέ</em></span> <span class='ocrx_word' id='word_1_256' title='bbox 1147 2046 1217 2085; x_wconf 81' lang='grc' dir='ltr'>μοι</span> <span class='ocrx_word' id='word_1_257' title='bbox 1248 2029 1444 2072; x_wconf 83' lang='grc' dir='ltr'><em>ποταίνιον</em></span> 
     </span>
    </p>

    <p class='ocr_par' dir='ltr' id='par_1_10' title="bbox 202 2087 1772 2740">
     <span class='ocr_line' id='line_1_31' title="bbox 517 2087 886 2146; baseline 0.003 -17"><span class='ocrx_word' id='word_1_258' title='bbox 517 2089 608 2146; x_wconf 76' lang='grc' dir='ltr'><strong><em>πῆμ’</em></strong></span> <span class='ocrx_word' id='word_1_259' title='bbox 641 2088 759 2130; x_wconf 78' lang='grc' dir='ltr'><em>οὐδὲν</em></span> <span class='ocrx_word' id='word_1_260' title='bbox 791 2087 886 2145; x_wconf 78' lang='grc' dir='ltr'><em>ἥξει.</em></span> 
     </span>
     <span class='ocr_line' id='line_1_32' title="bbox 203 2148 1772 2192; baseline 0.002 -3"><span class='ocrx_word' id='word_1_261' title='bbox 203 2148 293 2190; x_wconf 92' lang='lat' dir='ltr'>Hos</span> <span class='ocrx_word' id='word_1_262' title='bbox 340 2162 490 2190; x_wconf 87' lang='lat' dir='ltr'>versus</span> <span class='ocrx_word' id='word_1_263' title='bbox 538 2149 690 2190; x_wconf 88' lang='lat' dir='ltr'>statuit</span> <span class='ocrx_word' id='word_1_264' title='bbox 735 2148 978 2190; x_wconf 86' lang='lat' dir='ltr'>Kolischius</span> <span class='ocrx_word' id='word_1_265' title='bbox 1023 2148 1122 2191; x_wconf 91' lang='lat' dir='ltr'>huic</span> <span class='ocrx_word' id='word_1_266' title='bbox 1168 2150 1353 2191; x_wconf 88' lang='lat' dir='ltr'>orationi</span> <span class='ocrx_word' id='word_1_267' title='bbox 1390 2163 1477 2191; x_wconf 88' lang='lat' dir='ltr'>una</span> <span class='ocrx_word' id='word_1_268' title='bbox 1513 2163 1611 2191; x_wconf 88' lang='lat' dir='ltr'>cum</span> <span class='ocrx_word' id='word_1_269' title='bbox 1647 2149 1772 2192; x_wconf 83' lang='lat' dir='ltr'>Jonis</span> 
     </span>
     <span class='ocr_line' id='line_1_33' title="bbox 205 2206 1772 2264; baseline 0.003 -16"><span class='ocrx_word' id='word_1_270' title='bbox 205 2206 394 2260; x_wconf 86' lang='lat' dir='ltr'>episodio</span> <span class='ocrx_word' id='word_1_271' title='bbox 431 2211 585 2261; x_wconf 90' lang='lat' dir='ltr'>postea</span> <span class='ocrx_word' id='word_1_272' title='bbox 622 2208 676 2250; x_wconf 88' lang='lat' dir='ltr'>ab</span> <span class='ocrx_word' id='word_1_273' title='bbox 714 2206 927 2263; x_wconf 88' lang='lat' dir='ltr'>Aeschylo</span> <span class='ocrx_word' id='word_1_274' title='bbox 966 2222 1060 2251; x_wconf 88' lang='lat' dir='ltr'>esse</span> <span class='ocrx_word' id='word_1_275' title='bbox 1098 2209 1284 2251; x_wconf 89' lang='lat' dir='ltr'>insertos</span> <span class='ocrx_word' id='word_1_276' title='bbox 1323 2223 1419 2251; x_wconf 91' lang='lat' dir='ltr'>cum</span> <span class='ocrx_word' id='word_1_277' title='bbox 1458 2223 1556 2251; x_wconf 92' lang='lat' dir='ltr'>eum</span> <span class='ocrx_word' id='word_1_278' title='bbox 1586 2210 1772 2264; x_wconf 86' lang='lat' dir='ltr'>fingeret</span> 
     </span>
     <span class='ocr_line' id='line_1_34' title="bbox 202 2267 1771 2325; baseline 0.003 -18"><span class='ocrx_word' id='word_1_279' title='bbox 202 2267 443 2320; x_wconf 84' lang='lat' dir='ltr'>praescium</span> <span class='ocrx_word' id='word_1_280' title='bbox 475 2267 665 2309; x_wconf 90' lang='lat' dir='ltr'>omnium</span> <span class='ocrx_word' id='word_1_281' title='bbox 697 2281 841 2309; x_wconf 89' lang='lat' dir='ltr'>rerum</span> <span class='ocrx_word' id='word_1_282' title='bbox 873 2267 1134 2309; x_wconf 82' lang='lat' dir='ltr'>futurarum:</span> <span class='ocrx_word' id='word_1_283' title='bbox 1183 2268 1261 2310; x_wconf 89' lang='lat' dir='ltr'>sed</span> <span class='ocrx_word' id='word_1_284' title='bbox 1292 2268 1489 2323; x_wconf 89' lang='lat' dir='ltr'>quisquis</span> <span class='ocrx_word' id='word_1_285' title='bbox 1521 2282 1625 2311; x_wconf 88' lang='lat' dir='ltr'>sane</span> <span class='ocrx_word' id='word_1_286' title='bbox 1652 2269 1771 2325; x_wconf 88' lang='lat' dir='ltr'>judi-</span> 
     </span>
     <span class='ocr_line' id='line_1_35' title="bbox 203 2325 1770 2383; baseline 0.003 -16"><span class='ocrx_word' id='word_1_287' title='bbox 203 2328 285 2377; x_wconf 87' lang='lat' dir='ltr'>cat,</span> <span class='ocrx_word' id='word_1_288' title='bbox 320 2326 410 2368; x_wconf 90' lang='lat' dir='ltr'>sine</span> <span class='ocrx_word' id='word_1_289' title='bbox 443 2325 713 2368; x_wconf 86' lang='lat' dir='ltr'>dubitatione</span> <span class='ocrx_word' id='word_1_290' title='bbox 745 2326 952 2369; x_wconf 90' lang='lat' dir='ltr'>concedet</span> <span class='ocrx_word' id='word_1_291' title='bbox 982 2341 1133 2369; x_wconf 85' lang='lat' dir='ltr'>versus</span> <span class='ocrx_word' id='word_1_292' title='bbox 1155 2328 1317 2382; x_wconf 90' lang='lat' dir='ltr'>optime</span> <span class='ocrx_word' id='word_1_293' title='bbox 1340 2328 1651 2383; x_wconf 85' lang='lat' dir='ltr'>aptissimeque</span> <span class='ocrx_word' id='word_1_294' title='bbox 1674 2343 1770 2372; x_wconf 90' lang='lat' dir='ltr'>cum</span> 
     </span>
     <span class='ocr_line' id='line_1_36' title="bbox 202 2384 1769 2442; baseline 0.003 -16"><span class='ocrx_word' id='word_1_295' title='bbox 202 2384 408 2438; x_wconf 88' lang='lat' dir='ltr'>proximis</span> <span class='ocrx_word' id='word_1_296' title='bbox 456 2385 733 2428; x_wconf 89' lang='lat' dir='ltr'>cohaerentes</span> <span class='ocrx_word' id='word_1_297' title='bbox 779 2400 867 2428; x_wconf 86' lang='lat' dir='ltr'>una</span> <span class='ocrx_word' id='word_1_298' title='bbox 913 2401 1009 2428; x_wconf 89' lang='lat' dir='ltr'>cum</span> <span class='ocrx_word' id='word_1_299' title='bbox 1057 2389 1151 2429; x_wconf 86' lang='lat' dir='ltr'>tota</span> <span class='ocrx_word' id='word_1_300' title='bbox 1197 2387 1391 2429; x_wconf 87' lang='lat' dir='ltr'>oratione</span> <span class='ocrx_word' id='word_1_301' title='bbox 1439 2401 1533 2430; x_wconf 90' lang='lat' dir='ltr'>esse</span> <span class='ocrx_word' id='word_1_302' title='bbox 1573 2388 1769 2442; x_wconf 79' lang='lat' dir='ltr'>scriptos.</span> 
     </span>
     <span class='ocr_line' id='line_1_37' title="bbox 202 2443 1771 2511; baseline 0.004 -27"><span class='ocrx_word' id='word_1_303' title='bbox 202 2443 354 2498; x_wconf 90' lang='lat' dir='ltr'>Neque</span> <span class='ocrx_word' id='word_1_304' title='bbox 386 2444 624 2511; x_wconf 85' lang='lat' dir='ltr'>quidquam</span> <span class='ocrx_word' id='word_1_305' title='bbox 656 2446 784 2488; x_wconf 89' lang='lat' dir='ltr'>sortis</span> <span class='ocrx_word' id='word_1_306' title='bbox 815 2445 988 2488; x_wconf 81' lang='lat' dir='ltr'>futurae</span> <span class='ocrx_word' id='word_1_307' title='bbox 1021 2461 1066 2488; x_wconf 90' lang='lat' dir='ltr'>se</span> <span class='ocrx_word' id='word_1_308' title='bbox 1097 2446 1232 2488; x_wconf 89' lang='lat' dir='ltr'>latere</span> <span class='ocrx_word' id='word_1_309' title='bbox 1266 2446 1458 2489; x_wconf 89' lang='lat' dir='ltr'>ostendit</span> <span class='ocrx_word' id='word_1_310' title='bbox 1488 2447 1771 2490; x_wconf 82' lang='lat' dir='ltr'>Prometheus</span> 
     </span>
     <span class='ocr_line' id='line_1_38' title="bbox 203 2503 1772 2574; baseline 0.003 -30"><span class='ocrx_word' id='word_1_311' title='bbox 203 2508 350 2557; x_wconf 90' lang='lat' dir='ltr'>aperte</span> <span class='ocrx_word' id='word_1_312' title='bbox 396 2503 442 2545; x_wconf 88' lang='lat' dir='ltr'>in</span> <span class='ocrx_word' id='word_1_313' title='bbox 487 2519 526 2546; x_wconf 88' lang='lat' dir='ltr'>v.</span> <span class='ocrx_word' id='word_1_314' title='bbox 563 2505 667 2547; x_wconf 82' lang='lat'>127:</span> <span class='ocrx_word' id='word_1_315' title='bbox 716 2519 902 2560; x_wconf 82' lang='lat' dir='ltr'>namque</span> <span class='ocrx_word' id='word_1_316' title='bbox 948 2510 1127 2573; x_wconf 78' lang='lat' dir='ltr'>propter</span> <span class='ocrx_word' id='word_1_317' title='bbox 1159 2507 1403 2574; x_wconf 79' lang='lat' dir='ltr'>strepitum</span> <span class='ocrx_word' id='word_1_318' title='bbox 1449 2506 1772 2549; x_wconf 88' lang='lat' dir='ltr'>advenientium</span> 
     </span>
     <span class='ocr_line' id='line_1_39' title="bbox 203 2561 1770 2621; baseline 0.003 -17"><span class='ocrx_word' id='word_1_319' title='bbox 203 2561 467 2604; x_wconf 86' lang='lat' dir='ltr'>Oceanidum</span> <span class='ocrx_word' id='word_1_320' title='bbox 497 2563 617 2606; x_wconf 84' lang='lat' dir='ltr'>Jovis</span> <span class='ocrx_word' id='word_1_321' title='bbox 649 2563 840 2619; x_wconf 89' lang='lat' dir='ltr'>aquilam</span> <span class='ocrx_word' id='word_1_322' title='bbox 879 2579 957 2606; x_wconf 89' lang='lat' dir='ltr'>sua</span> <span class='ocrx_word' id='word_1_323' title='bbox 986 2566 1122 2620; x_wconf 90' lang='lat' dir='ltr'>ipsius</span> <span class='ocrx_word' id='word_1_324' title='bbox 1150 2566 1343 2621; x_wconf 83' lang='lat' dir='ltr'>jecinora</span> <span class='ocrx_word' id='word_1_325' title='bbox 1372 2565 1659 2609; x_wconf 88' lang='lat' dir='ltr'>laceraturam</span> <span class='ocrx_word' id='word_1_326' title='bbox 1692 2566 1770 2608; x_wconf 88' lang='lat' dir='ltr'>ad-</span> 
     </span>
     <span class='ocr_line' id='line_1_40' title="bbox 202 2621 1770 2680; baseline 0.004 -18"><span class='ocrx_word' id='word_1_327' title='bbox 202 2621 346 2664; x_wconf 89' lang='lat' dir='ltr'>volare</span> <span class='ocrx_word' id='word_1_328' title='bbox 368 2623 581 2676; x_wconf 84' lang='lat' dir='ltr'>opinatur.</span> <span class='ocrx_word' id='word_1_329' title='bbox 624 2623 703 2665; x_wconf 91' lang='lat' dir='ltr'>His</span> <span class='ocrx_word' id='word_1_330' title='bbox 725 2625 854 2666; x_wconf 89' lang='lat' dir='ltr'>rebus</span> <span class='ocrx_word' id='word_1_331' title='bbox 876 2628 1007 2679; x_wconf 90' lang='lat' dir='ltr'>poeta</span> <span class='ocrx_word' id='word_1_332' title='bbox 1027 2625 1133 2667; x_wconf 86' lang='lat' dir='ltr'>mihi</span> <span class='ocrx_word' id='word_1_333' title='bbox 1161 2625 1335 2680; x_wconf 88' lang='lat' dir='ltr'>quidem</span> <span class='ocrx_word' id='word_1_334' title='bbox 1357 2625 1529 2668; x_wconf 88' lang='lat' dir='ltr'>videtur</span> <span class='ocrx_word' id='word_1_335' title='bbox 1550 2625 1770 2668; x_wconf 87' lang='lat' dir='ltr'>auditores</span> 
     </span>
     <span class='ocr_line' id='line_1_41' title="bbox 203 2681 1767 2753; baseline 0.004 -32"><span class='ocrx_word' id='word_1_336' title='bbox 203 2681 308 2722; x_wconf 90' lang='lat' dir='ltr'>satis</span> <span class='ocrx_word' id='word_1_337' title='bbox 347 2685 485 2723; x_wconf 87' lang='lat' dir='ltr'>certos</span> <span class='ocrx_word' id='word_1_338' title='bbox 522 2681 674 2724; x_wconf 87' lang='lat' dir='ltr'>secisse</span> <span class='ocrx_word' id='word_1_339' title='bbox 713 2683 1019 2726; x_wconf 89' lang='lat' dir='ltr'>Prometheum</span> <span class='ocrx_word' id='word_1_340' title='bbox 1056 2684 1377 2739; x_wconf 87' lang='lat' dir='ltr'>praesagitione</span> <span class='ocrx_word' id='word_1_341' title='bbox 1416 2699 1511 2727; x_wconf 92' lang='lat' dir='ltr'>esse</span> <span class='ocrx_word' id='word_1_342' title='bbox 1541 2685 1767 2753; x_wconf 81' lang='lat' dir='ltr'>insignem.</span> 
     </span>
    </p>

    <p class='ocr_par' dir='ltr' id='par_1_11' title="bbox 320 2739 1770 2800">
     <span class='ocr_line' id='line_1_42' title="bbox 320 2739 1770 2800; baseline 0.004 -19"><span class='ocrx_word' id='word_1_343' title='bbox 320 2739 555 2794; x_wconf 87' lang='lat' dir='ltr'>Postquam</span> <span class='ocrx_word' id='word_1_344' title='bbox 586 2756 715 2796; x_wconf 88' lang='lat' dir='ltr'>porro</span> <span class='ocrx_word' id='word_1_345' title='bbox 745 2743 936 2796; x_wconf 86' lang='lat' dir='ltr'>virgines</span> <span class='ocrx_word' id='word_1_346' title='bbox 968 2757 1096 2785; x_wconf 88' lang='grc'>0111111</span> <span class='ocrx_word' id='word_1_347' title='bbox 1127 2744 1242 2786; x_wconf 90' lang='lat' dir='ltr'>alato</span> <span class='ocrx_word' id='word_1_348' title='bbox 1264 2744 1545 2796; x_wconf 86' lang='lat' dir='ltr'>advenerunt,</span> <span class='ocrx_word' id='word_1_349' title='bbox 1577 2744 1650 2787; x_wconf 84' lang='lat' dir='ltr'>ille</span> <span class='ocrx_word' id='word_1_350' title='bbox 1681 2745 1770 2800; x_wconf 87' lang='lat' dir='ltr'>pri-</span> 
     </span>
    </p>

    <p class='ocr_par' dir='ltr' id='par_1_12' title="bbox 202 2799 1771 3037">
     <span class='ocr_line' id='line_1_43' title="bbox 203 2799 1771 2859; baseline 0.005 -21"><span class='ocrx_word' id='word_1_351' title='bbox 203 2812 318 2840; x_wconf 88' lang='lat' dir='ltr'>mum</span> <span class='ocrx_word' id='word_1_352' title='bbox 366 2799 535 2842; x_wconf 88' lang='lat' dir='ltr'>dolores</span> <span class='ocrx_word' id='word_1_353' title='bbox 582 2802 870 2856; x_wconf 82' lang='lat' dir='ltr'>conqueritur,</span> <span class='ocrx_word' id='word_1_354' title='bbox 920 2802 1077 2845; x_wconf 86' lang='lat' dir='ltr'>deinde</span> <span class='ocrx_word' id='word_1_355' title='bbox 1123 2804 1337 2857; x_wconf 86' lang='lat' dir='ltr'>significat</span> <span class='ocrx_word' id='word_1_356' title='bbox 1375 2804 1458 2847; x_wconf 89' lang='lat' dir='ltr'>sibi</span> <span class='ocrx_word' id='word_1_357' title='bbox 1495 2817 1590 2846; x_wconf 87' lang='lat' dir='ltr'>esse</span> <span class='ocrx_word' id='word_1_358' title='bbox 1627 2803 1771 2859; x_wconf 84' lang='lat' dir='ltr'>ipsum</span> 
     </span>
     <span class='ocr_line' id='line_1_44' title="bbox 202 2856 1771 2918; baseline 0.004 -21"><span class='ocrx_word' id='word_1_359' title='bbox 202 2857 246 2897; x_wconf 91' lang='lat' dir='ltr'>in</span> <span class='ocrx_word' id='word_1_360' title='bbox 283 2856 434 2900; x_wconf 84' lang='lat' dir='ltr'>Jovem</span> <span class='ocrx_word' id='word_1_361' title='bbox 473 2872 594 2900; x_wconf 82' lang='lat' dir='ltr'>anna</span> <span class='ocrx_word' id='word_1_362' title='bbox 630 2860 746 2902; x_wconf 83' lang='lat' dir='ltr'>haud</span> <span class='ocrx_word' id='word_1_363' title='bbox 779 2861 1040 2916; x_wconf 88' lang='lat' dir='ltr'>spernenda:</span> <span class='ocrx_word' id='word_1_364' title='bbox 1090 2863 1170 2904; x_wconf 89' lang='lat' dir='ltr'>sed</span> <span class='ocrx_word' id='word_1_365' title='bbox 1209 2862 1428 2917; x_wconf 90' lang='lat' dir='ltr'>quodnam</span> <span class='ocrx_word' id='word_1_366' title='bbox 1460 2863 1697 2918; x_wconf 88' lang='lat' dir='ltr'>periculum</span> <span class='ocrx_word' id='word_1_367' title='bbox 1730 2862 1771 2906; x_wconf 91' lang='lat' dir='ltr'>ei</span> 
     </span>
     <span class='ocr_line' id='line_1_45' title="bbox 204 2916 1770 2978; baseline 0.005 -21"><span class='ocrx_word' id='word_1_368' title='bbox 204 2916 426 2958; x_wconf 85' lang='lat' dir='ltr'>minitetur</span> <span class='ocrx_word' id='word_1_369' title='bbox 457 2931 510 2959; x_wconf 87' lang='lat' dir='ltr'>ex</span> <span class='ocrx_word' id='word_1_370' title='bbox 554 2920 695 2961; x_wconf 87' lang='lat' dir='ltr'>verbis</span> <span class='ocrx_word' id='word_1_371' title='bbox 734 2920 839 2961; x_wconf 88' lang='lat' dir='ltr'>satis</span> <span class='ocrx_word' id='word_1_372' title='bbox 879 2921 1070 2962; x_wconf 87' lang='lat' dir='ltr'>obscuris</span> <span class='ocrx_word' id='word_1_373' title='bbox 1109 2919 1194 2977; x_wconf 88' lang='lat' dir='ltr'>(vv.</span> <span class='ocrx_word' id='word_1_374' title='bbox 1230 2923 1326 2972; x_wconf 84' lang='lat'>172,</span> <span class='ocrx_word' id='word_1_375' title='bbox 1364 2920 1467 2978; x_wconf 87' lang='lat'><strong>173)</strong></span> <span class='ocrx_word' id='word_1_376' title='bbox 1498 2936 1639 2976; x_wconf 92' lang='lat' dir='ltr'>neque</span> <span class='ocrx_word' id='word_1_377' title='bbox 1669 2923 1770 2965; x_wconf 82' lang='lat' dir='ltr'>illae</span> 
     </span>
     <span class='ocr_line' id='line_1_46' title="bbox 204 2976 1770 3037; baseline 0.006 -22"><span class='ocrx_word' id='word_1_378' title='bbox 204 2988 343 3028; x_wconf 88' lang='lat' dir='ltr'>neque</span> <span class='ocrx_word' id='word_1_379' title='bbox 382 2976 601 3019; x_wconf 85' lang='lat' dir='ltr'>auditores</span> <span class='ocrx_word' id='word_1_380' title='bbox 638 2982 821 3033; x_wconf 87' lang='lat' dir='ltr'>possunt</span> <span class='ocrx_word' id='word_1_381' title='bbox 853 2979 1083 3035; x_wconf 84' lang='lat' dir='ltr'>conjicere;</span> <span class='ocrx_word' id='word_1_382' title='bbox 1130 2982 1323 3034; x_wconf 88' lang='lat' dir='ltr'>apertius</span> <span class='ocrx_word' id='word_1_383' title='bbox 1354 2985 1499 3023; x_wconf 89' lang='lat' dir='ltr'>tamen</span> <span class='ocrx_word' id='word_1_384' title='bbox 1531 2982 1770 3037; x_wconf 86' lang='lat' dir='ltr'>periculum</span> 
     </span>
    </p>
   </div>
   <div class='ocr_carea' id='block_1_7' title="bbox 1815 0 1858 1955">
    <p class='ocr_par' dir='ltr' id='par_1_13' title="bbox 1815 0 1858 1955">
     <span class='ocr_line' id='line_1_47' title="bbox 1815 0 1858 1955; baseline 0 0"><span class='ocrx_word' id='word_1_385' title='bbox 1815 0 1858 1955; x_wconf 95' lang='lat' dir='ltr'> </span> 
     </span>
    </p>
   </div>
  </div>
 </body>
</html>
