1858 3320
860 214 1150 254 ,44-

223 346 556 400 disputationem
605 344 847 398 nupeurimc
881 347 980 384 ante
1012 343 1090 385 hos
1121 358 1282 398 paucos
1321 343 1413 384 dies
1444 344 1486 384 in
1520 342 1670 385 Philol.
1703 342 1785 385 vol.

227 405 306 446 140
340 420 410 459 pp.
445 404 687 446 227—241
723 403 992 456 impugnavit
1022 402 1137 444 idem
1169 403 1234 444 vir
1266 402 1429 452 doetus,
1464 402 1586 457 cujus
1618 416 1689 444 ars
1719 402 1786 444 111-

220 462 490 519 terpretandi
523 477 656 517 supra
687 462 790 504 mihi
823 466 918 504 erat
948 462 1238 516 vituperanda
1265 462 1421 503 iterum
1445 466 1576 516 atque
1598 461 1784 516 saepius,

220 528 310 565 tam
342 523 477 565 falsas
499 523 690 564 rationes
712 526 895 572 secutus,
930 525 978 563 ut
998 521 1101 563 mihi
1129 536 1242 563 nunc
1265 521 1356 575 ejus
1379 521 1522 576 opinio
1543 521 1788 564 omnimodo

221 583 276 624 sit
307 581 563 636 rejicienda,
603 581 879 635 quantumvis
913 585 1119 634 angustos
1152 580 1470 623 dissertationis
1500 580 1609 623 fines
1641 580 1788 634 egredi

222 656 393 695 arguar.
464 641 663 694 Namque
711 641 895 695 primum
932 641 1109 694 negavit
1155 640 1274 682 illam
1306 640 1466 695 Hygini
1502 639 1697 682 fabulam
1734 654 1787 682 ex

220 701 419 757 Aeschyli
453 699 688 753 tragoediis
711 714 805 742 esse
834 700 1120 755 desumptam.
1183 700 1375 741 Primum
1397 703 1591 742 extrema
1611 698 1786 742 fabulae

220 762 353 803 verba
396 764 465 802 »et
495 760 680 801 mittitur
712 759 920 802 Hercules
953 764 1002 802 ut
1041 759 1233 814 aquilam
1270 759 1522 810 interficiat,
1563 773 1676 814 quae
1714 773 1788 802 cor

221 820 312 873 ejus
346 819 577 868 exedebat3
610 833 749 873 eaque
781 818 1009 861 interfecta
1030 819 1310 862 Prometheus
1333 823 1430 874 post
1450 818 1630 872 triginta
1651 828 1787 860 annos

221 879 274 922 de
306 883 450 921 monte
483 877 678 921 Caucaso
711 883 778 921 est
809 879 999 921 solutus«
1041 879 1244 921 Bursiani
1283 876 1403 934 (ann.
1437 877 1580 920 Fleck.
1614 877 1711 920 XII.
1744 893 1786 934 p.

211 936 326 994 777)
364 938 658 993 conjecturam
695 939 915 980 insecutus
956 939 1082 992 quasi
1117 939 1551 994 interpretamentum
1585 951 1611 979 a
1642 941 1788 980 cetera

218 997 368 1040 fabula
390 998 646 1051 segregavit.
709 997 794 1040 Sed
818 1002 993 1053 propter
1012 998 1454 1040 verbaantecedentia
1479 997 1788 1039 »Prometheus

217 1057 313 1099 Jovi
335 1057 573 1112 pollicetur,
607 1071 652 1099 se
676 1071 774 1099 eum
795 1058 1176 1112 praemoniturum‚
1201 1058 1237 1099 si
1259 1071 1305 1100 se
1327 1056 1506 1099 vinculis
1527 1057 1783 1099 liberasset«

219 1122 263 1158 et
294 1121 469 1171 propter
512 1117 668 1159 »fidem
700 1117 875 1159 datam«
918 1122 1016 1172 post
1045 1117 1261 1159 Themidis
1308 1117 1559 1159 vaticinium
1597 1130 1787 1172 pronun-

218 1177 375 1218 tiatum
408 1176 517 1218 adeo
551 1175 827 1218 desideratur
865 1178 1213 1219 commemoratio
1247 1176 1420 1231 aquilae
1457 1175 1712 1218 interfectae
1743 1180 1788 1218 et

220 1235 467 1278 Promethei
489 1235 630 1287 soluti,
665 1240 713 1278 ut
734 1237 814 1277 viri
844 1235 958 1279 docti
989 1236 1369 1291 interpolationem
1396 1239 1639 1278 statuentes
1671 1236 1787 1278 omni

218 1296 387 1337 ratione
420 1295 629 1338 excidisse
661 1295 904 1338 videantur.
968 1296 1136 1338 Deinde
1170 1300 1217 1338 ut
1248 1295 1354 1337 nihil
1386 1295 1528 1338 dicam
1549 1295 1603 1337 de
1634 1295 1788 1338 vocula

222 1369 367 1406 »cor«,
419 1370 506 1410 qua
537 1355 753 1397 Kolischio
786 1356 905 1409 origo
938 1355 1176 1411 Aeschylea
1212 1356 1256 1397 in
1289 1355 1606 1397 dubitationem
1642 1355 1788 1397 vocari

217 1414 464 1466 videbatur,
507 1429 695 1470 prorsus
714 1415 860 1470 inepte
887 1415 1099 1470 judicavit
1121 1416 1174 1457 de
1195 1415 1414 1458 vocabulis
1450 1418 1575 1470 »post
1604 1414 1788 1468 triginta

219 1488 402 1516 annos«
437 1489 625 1529 namque
659 1475 864 1529 quoniam
895 1475 1017 1517 nulla
1048 1489 1254 1530 umquam
1275 1475 1520 1517 invenietur
1549 1487 1684 1516 causa
1711 1489 1788 1516 cur

219 1534 373 1588 quisqu
380 1549 450 1575 am
489 1535 677 1577 incidere
710 1535 901 1589 potuerit
930 1535 975 1576 in
1014 1549 1238 1577 numerum
1276 1534 1398 1576 illum
1436 1533 1784 1585 determinatum,

218 1598 343 1635 extra
365 1608 547 1636 ommem
571 1594 884 1636 dubitationem
906 1598 973 1636 est
993 1595 1136 1648 posita
1154 1594 1407 1636 Weckleinii
1429 1593 1628 1658 suspic—io,
1652 1593 1786 1648 scrip-

215 1657 307 1694 tum
346 1667 439 1696 esse
477 1654 521 1695 in
558 1653 680 1696 libris
731 1658 855 1709 »post
884 1653 1005 1695 XXX
1045 1669 1157 1696 ann«
1209 1654 1302 1696 loco
1354 1657 1478 1709 »post
1520 1649 1628 1697 X—XX
1672 1667 1786 1695 ann«

216 1712 256 1754 h.
292 1727 327 1754 e.
366 1714 549 1767 tiiginta
595 1713 732 1755 millia
780 1727 1009 1756 annorum:
1059 1713 1172 1756 hunc
1220 1718 1366 1756 autem
1412 1725 1640 1755 numerum
1687 1727 1788 1756 vere

216 1771 504 1828 Aeschyleum
548 1787 642 1815 esse
692 1773 817 1815 docet
863 1773 1070 1815 scholium
1113 1773 1170 1815 ad
1206 1789 1245 1816 v.
1288 1774 1344 1815 94
1391 1777 1565 1815 nostrae
1611 1771 1786 1828 fabulae

218 1832 498 1886 adscriptum.
573 1833 707 1875 Porro
755 1837 872 1875 recte
919 1834 1086 1875 monuit
1131 1834 1346 1888 interpres
1394 1836 1695 1887 argumentum
1735 1846 1788 1874 ex

215 1891 341 1946 hujus
366 1897 520 1946 poetae
551 1892 789 1947 tragoediis
812 1903 1015 1934 manasse
1043 1892 1192 1943 videri,
1227 1892 1342 1947 quod
1365 1891 1645 1934 Prometheus
1676 1906 1788 1934 unus

215 1951 465 1993 vaticinium
498 1953 606 1995 scire
629 1952 864 1994 diceretur:
899 1952 1010 1994 alter
1033 1956 1179 1994 autem
1212 1952 1411 2007 opposuit
1445 1965 1530 1993 non
1560 1950 1644 1993 dici
1675 1950 1788 1994 unde

217 2025 306 2053 rem
329 2011 511 2054 haberet
542 2012 771 2066 cognitam,
805 2016 937 2066 atque
958 2012 1002 2053 in
1026 2011 1166 2054 altera
1187 2012 1349 2067 Hygini
1370 2010 1521 2054 13111113
1543 2014 1646 2052 astr.
1669 2015 1785 2066 poet.

216 2070 271 2111 II.
310 2071 361 2112 15
397 2086 494 2113 eum
525 2071 632 2113 illud
662 2085 689 2114 a
709 2071 856 2114 Parcis
888 2072 1138 2125 cognovisse
1171 2085 1265 2114 esse
1296 2070 1520 2113 traditum.
1576 2069 1662 2112 Sed
1684 2070 1788 2112 1111111

217 2129 391 2183 quidem
422 2131 492 2173 vix
525 2131 729 2174 credibile
767 2131 940 2174 videtur
980 2131 1095 2186 apud
1133 2131 1267 2174 ullum
1308 2131 1562 2185 scriptorem
1597 2134 1788 2172 veterem

217 2203 314 2231 eum
360 2204 566 2244 umquam
614 2191 830 2233 audivisse
869 2191 1120 2233 vaticinium
1159 2205 1186 2232 a
1215 2189 1378 2232 Parcis.
1441 2189 1639 2244 Namque
1673 2189 1788 2244 quod

215 2249 259 2289 in
291 2248 372 2291 hac
404 2250 564 2305 Hygini
595 2250 746 2293 13111113
778 2265 874 2292 011111
905 2250 1077 2306 Jupiter
1097 2250 1288 2292 Thetidis
1321 2250 1579 2292 connubium
1599 2248 1787 2304 pulchri-

215 2307 364 2350 tudine
397 2311 587 2364 corporis
618 2310 820 2353 inductus
852 2314 1021 2365 peteret
1057 2309 1155 2351 »illo
1187 2314 1381 2365 tempore
1403 2308 1568 2351 Parcae
1590 2308 1788 2352 feruntur

216 2368 420 2410 cecinisse
451 2369 557 2420 fata,
593 2384 705 2424 quae
736 2370 885 2425 perfici
916 2374 1076 2412 natura
1097 2370 1233 2412 voluit
1254 2383 1415 2411 rerum:
1450 2368 1652 2411 dixerunt
1674 2369 1787 2411 enim
1830 2396 1833 2401 »

216 2428 460 2481 quicunque
498 2429 688 2471 Thetidis
734 2430 888 2472 fuisset
934 2431 1135 2480 maritus,
1185 2430 1278 2484 ejus
1323 2429 1460 2470 filium
1498 2433 1623 2484 patre
1655 2428 1786 2471 laude

214 2488 446 2543 majorem«
500 2490 554 2531 ab
591 2490 686 2544 ipso
725 2489 1041 2545 mythographo
1074 2490 1300 2531 scientiam
1330 2502 1475 2530 rerum
1509 2488 1786 2541 antiquarum

215 2550 460 2590 ostentante
509 2548 710 2591 additum
756 2549 939 2592 videtur.
1003 2549 1099 2591 Huc
1137 2548 1303 2591 accedit
1342 2547 1458 2602 quod
1491 2561 1604 2601 quae
1636 2547 1785 2590 subse-

216 2610 407 2659 quuntur
457 2608 599 2662 »quod
637 2607 919 2651 Prometheus
966 2623 1052 2651 non
1089 2608 1324 2658 voluntate,
1359 2607 1436 2649 sed
1467 2607 1785 2652 necessitudine

214 2666 398 2719 vigilans
443 2667 639 2709 auditum
685 2668 782 2711 Jovi
820 2669 1061 2711 nuntiavit«
1102 2668 1199 2723 ipsa
1236 2672 1328 2709 tam
1360 2667 1544 2709 obscura
1575 2670 1688 2717 sunt,
1737 2670 1786 2710 ut

214 2739 268 2766 ne
306 2725 385 2767 hoc
423 2726 598 2780 quidem
634 2741 713 2783 pro
747 2733 863 2770 certo
903 2727 1121 2770 affirmare
1155 2727 1340 2769 audeam
1373 2725 1490 2782 apud
1520 2726 1662 2781 ipsum
1692 2725 1784 2781 Hy-

216 2785 362 2837 ginum
395 2785 610 2828 audivisse
643 2786 947 2830 Prometheum
966 2787 992 2829 J
996 2788 1086 2830 ovis
1117 2786 1355 2843 periculum
1388 2800 1414 2828 a
1441 2784 1602 2827 Parcis.
1651 2783 1784 2828 Porro

213 2843 427 2898 interpres
460 2859 724 2900 quamquam
755 2847 837 2889 hac
869 2847 921 2889 de
955 2846 1103 2889 Parcis
1134 2847 1385 2888 narratione
1433 2849 1499 2887 est
1530 2845 1691 2887 abusus
1734 2848 1786 2887 111

217 2907 518 2956 argumentum
546 2905 721 2948 fabulae
753 2906 868 2947 illius
892 2921 1023 2960 quam
1043 2905 1334 2948 Weckleinius
1355 2904 1552 2946 laudavit
1573 2903 1783 2959 Aeschylo

216 2961 364 3006 deberi
395 2968 587 3018 negaret,
621 2969 768 3009 tamen
802 2966 889 3009 alia
921 2980 1034 3021 quae
1068 2970 1168 3008 sunt
1193 2966 1238 3007 in
1261 2964 1414 3008 eadem
1434 2963 1586 3006 fabula
1607 2978 1659 3005 ex
1679 2977 1783 3019 poe-
