1858 3320
874 231 1165 275 —52-

236 361 440 418 strophae
457 375 628 404 versum
646 360 830 403 alterum
848 362 1039 415 graviter
1057 365 1123 404 est
1138 362 1545 418 interpungendum.
1568 363 1805 409 Praeterea

235 435 514 464 numerorum
547 421 834 476 perpetuitas,
881 424 930 463 ut
960 421 1010 463 fit
1040 422 1349 464 incarminibus
1396 422 1676 476 dochmiaeis,
1715 439 1802 467 non

234 482 580 537 interrumpitur:
629 494 731 522 nam
760 480 965 534 quoniam
995 496 1032 522 v.
1059 481 1142 524 601
1176 496 1272 524 cum
1300 482 1582 537 subsequenti
1601 482 1806 527 cohaeret

235 542 489 592 arctissime,
530 540 623 582 loco
655 540 879 582 literarum
913 537 934 579 ἒ
966 537 987 579 ἒ
1019 541 1290 583 scribendam
1321 546 1425 598 puto
1462 542 1804 598 interjectionem

233 599 294 658 ἐή,
326 605 374 643 111
405 599 669 655 respondeat
699 599 907 642 vocabulo
938 597 1093 655 βυράνς
1124 604 1314 643 ceterum
1336 605 1434 657 post
1459 602 1803 658 interjectionem

232 660 401 702 hiatum
431 674 559 715 posse
591 659 686 700 fieri
716 659 761 700 in
794 658 1055 701 dochmiacis
1086 664 1203 702 recte
1231 661 1399 703 monuit
1419 661 1714 717 Westphalius
1745 662 1802 706 ΙΙ.

232 735 274 775 p.
310 720 409 763 862.
473 718 669 760 Eandem
700 733 826 774 porro
863 719 1206 774 interjectionem
1247 720 1402 763 eadem
1433 720 1488 763 de
1526 734 1661 764 causa
1691 721 1802 765 Her-

230 793 439 822 mannum
461 782 632 820 secutus
665 777 980 821 restituendam
1013 779 1176 821 suadeo
1198 780 1242 821 in
1275 781 1391 822 exitu
1423 796 1489 823 vv.
1523 781 1609 824 576
1633 784 1677 824 et
1701 782 1800 825 597.

231 838 281 880 In
316 838 470 880 mediis
519 840 666 879 autem
708 841 751 880 et
789 838 1038 882 ineuntibus
1085 839 1280 881 versibus
1329 854 1499 895 semper
1539 840 1801 897 respondere

229 897 340 940 solet
371 897 502 951 longa
534 896 704 953 syllaba
748 897 918 952 longae,
966 899 1108 941 brevis
1146 899 1286 950 brevi;
1331 900 1482 954 itaque
1513 914 1599 942 uno
1629 904 1802 943 tantum

230 957 304 999 illo
341 957 386 998 in
423 970 570 1008 versu,
605 957 679 1012 qui
726 958 787 999 sic
826 961 892 1000 est
931 957 1262 1012 distinguendus
1313 957 1578 1016 »τηλέπλανοι
1616 958 1801 1009 πλαναία,

232 1017 585 1059 accuratissimae
624 1030 721 1059 cum
755 1017 1026 1073 antistropha
1064 1019 1356 1074 responsionis
1395 1032 1530 1061 causa
1558 1018 1800 1063 Meinekius
1827 1028 1832 1031 ⁴

230 1077 390 1131 optimo
408 1076 506 1131 jure
529 1077 721 1132 reposuit
743 1074 996 1117 πολύπλανοι.
1044 1076 1074 1119 J
1078 1091 1148 1119 am
1163 1082 1213 1120 ut
1235 1078 1415 1133 singulis
1433 1078 1487 1121 de
1505 1078 1800 1122 dochmiorum

228 1135 376 1178 formis
408 1149 551 1190 pauca
573 1135 747 1188 addam,
781 1137 967 1191 primum
998 1141 1047 1179 ut
1073 1137 1119 1179 111
1140 1138 1296 1180 ceteris
1319 1137 1518 1194 Aeschyli
1547 1139 1797 1194 tragoediis,

228 1196 290 1237 sio
329 1196 461 1238 etiam
498 1196 543 1237 in
581 1199 728 1237 nostro
777 1196 943 1238 cantico
991 1197 1241 1252 saepissime
1279 1198 1464 1240 occurrit
1508 1196 1616 1240 haec
1660 1197 1800 1242 forma

229 1269 341 1309 quae
373 1255 559 1311 priorem
591 1254 806 1310 syllabam
836 1255 1013 1310 longam
1039 1255 1173 1299 habet
1204 1256 1395 1300 solutam
1426 1257 1537 1300 duas
1558 1258 1604 1299 111
1623 1257 1798 1310 breves;

223 1314 358 1357 multo
405 1315 547 1357 rarius
595 1315 778 1357 solvitur
826 1315 967 1358 altera
1018 1315 1187 1372 syllaba
1234 1317 1388 1371 longa3
1443 1316 1520 1359 sed
1567 1319 1798 1373 exscripsit

223 1373 519 1430 Westphalius
552 1378 728 1429 praeter
765 1375 906 1417 Prom.
939 1373 1115 1418 fabulae
1148 1391 1187 1418 v.
1221 1377 1307 1419 569
1348 1374 1406 1431 (τε
1438 1377 1570 1433 νῆστιν
1600 1375 1678 1418 ἀνὰ
1711 1376 1795 1434 rai)

224 1434 416 1489 quinque
456 1433 668 1489 exempla.
707 1434 850 1477 -Pers.
885 1435 971 1477 660
1019 1433 1150 1479 κλύεις
1180 1434 1250 1476 νέα
1284 1433 1421 1493 τ’ἄχης
1469 1435 1586 1492 Sept.
1623 1451 1690 1480 vv.
1725 1438 1794 1489 86,

225 1494 323 1536 120.
363 1493 485 1535 Eum.
527 1494 626 1545 780,
676 1491 794 1550 857).
869 1494 1036 1537 Deinde
1077 1495 1193 1549 quod
1236 1495 1411 1550 quidem
1463 1497 1716 1552 saepissime
1745 1497 1796 1540 fit

223 1552 341 1608 apud
387 1552 658 1608 Euripidem,
706 1553 799 1595 loco
849 1553 1027 1596 alterius
1081 1554 1276 1610 syllabae
1322 1555 1464 1598 brevis
1515 1555 1648 1611 longa
1682 1557 1794 1599 irra-

220 1612 443 1654 tionaliter
492 1612 608 1667 quod
656 1612 837 1655 dicimus
885 1614 1027 1669 posita
1065 1613 1242 1657 obvenit
1287 1615 1523 1657 rarissime.
1599 1615 1713 1658 Nam
1749 1617 1795 1659 in

220 1671 372 1727 proodi
404 1673 522 1714 exitu
553 1671 622 1714 hic
654 1672 876 1715 dochmius
907 1672 1067 1728 legitur
1098 1675 1160 1716 sic
1180 1678 1374 1717 mutatus
1396 1678 1444 1717 ut
1470 1674 1612 1718 locum
1639 1676 1794 1731 prioris

219 1731 415 1787 syllabae
462 1732 618 1786 longae
656 1735 837 1775 teneant
869 1732 983 1775 duae
1029 1733 1226 1789 syllabae
1262 1735 1434 1777 breves:
1483 1748 1598 1790 quae
1637 1734 1790 1787 forma,

220 1791 275 1833 ab
314 1790 522 1846 Euripide
570 1790 746 1846 quidem
793 1793 1046 1848 saepissime
1092 1794 1138 1835 111
1185 1795 1424 1836 carminum
1471 1794 1589 1837 exitu
1635 1795 1790 1850 posita,

219 1851 351 1892 etiam
384 1851 439 1892 ab
467 1850 678 1906 Aeschylo
712 1855 788 1894 aut
818 1852 864 1894 in
894 1853 990 1907 ipso
1023 1854 1339 1896 sententiarum
1371 1854 1488 1896 exitu
1521 1858 1598 1896 aut
1623 1858 1674 1897 ut
1694 1869 1793 1898 eum

218 1914 507 1965 praepararet
537 1911 582 1952 in
613 1925 740 1953 usum
772 1915 838 1954 est
868 1916 1036 1954 vocata.
1090 1912 1262 1955 Etenim
1295 1917 1342 1956 ut
1374 1928 1427 1956 ex
1459 1927 1535 1955 sex
1568 1914 1788 1970 exemplis,

219 1983 331 2023 quae
370 1974 546 2025 praeter
583 1984 756 2012 versum
802 1974 998 2014 nostrum
1028 1972 1325 2028 Westphalius
1372 1973 1606 2027 congessit,
1657 1988 1791 2016 unum

218 2042 453 2083 segregem,
488 2029 583 2072 dico
616 2029 733 2085 Sept.
772 2029 947 2073 fabulae
989 2047 1027 2074 v.
1061 2032 1148 2074 549
1183 2032 1247 2086 (=
1270 2030 1390 2088 612),
1425 2060 1479 2064 —
1514 2047 1703 2088 namque
1736 2048 1790 2077 ex

222 2086 436 2143 >>ἁνὸρῶν<<
472 2103 609 2132 novus
643 2089 864 2132 dochmius
895 2091 1083 2146 incipere
1116 2091 1288 2134 videtur
1310 2119 1363 2124 —
1390 2091 1578 2147 Choeph.
1601 2108 1671 2137 vv.
1702 2094 1789 2136 929

218 2149 364 2190 —939
411 2149 572 2190 exitum
617 2148 810 2192 efficiunt
854 2149 1011 2205 plenae
1055 2151 1283 2207 cujusdam
1331 2152 1594 2203 sententiae3
1646 2167 1787 2210 neque

216 2208 357 2249 minus
381 2208 574 2262 graviter
596 2212 662 2251 est
682 2209 1078 2265 interpungendum
1097 2215 1198 2266 post
1218 2211 1370 2266 Agam.
1393 2211 1569 2254 fabulae
1591 2227 1631 2255 v.
1657 2213 1785 2256 1082.

216 2266 338 2308 Eum.
374 2272 519 2310 autem
551 2267 726 2311 fabulae
749 2285 786 2311 v.
813 2270 895 2312 157
922 2274 965 2312 et
987 2269 1106 2326 Sept.
1127 2287 1166 2314 v.
1193 2271 1277 2314 109
1299 2268 1366 2328 (=
1390 2269 1494 2328 123)
1521 2277 1788 2328 praeparant

216 2326 457 2369 clausulam
490 2328 838 2383 subsequentem.
892 2329 1117 2372 Postremo
1148 2331 1193 2372 in
1223 2334 1348 2373 tanto
1380 2331 1453 2373 illo
1475 2345 1676 2374 versuum
1708 2346 1785 2374 an—

214 2386 566 2441 tistrophicorum
612 2402 790 2431 numero
823 2403 934 2430 unus
974 2405 1010 2431 v.
1045 2391 1144 2442 577,
1195 2391 1263 2432 cui
1303 2394 1505 2433 accurate
1551 2391 1786 2447 respondet

214 2461 254 2488 v.
288 2446 388 2497 598,
422 2446 556 2489 habet
595 2447 809 2504 syllabam
854 2448 1031 2503 longam
1076 2449 1390 2493 irrationaliter
1435 2450 1634 2506 positam.
1699 2450 1784 2494 Sed

212 2505 279 2546 his
312 2505 365 2547 de
397 2506 591 2549 versibus
630 2521 716 2549 non
747 2522 889 2563 pauca
921 2514 1022 2552 sunt
1062 2509 1319 2565 adjicienda.
1388 2509 1559 2552 Etenim
1598 2510 1785 2566 primum

215 2564 405 2607 admittit
438 2565 608 2621 syllaba
646 2567 779 2622 longa
811 2568 997 2610 eandem
1027 2583 1160 2624 quam
1190 2569 1318 2611 modo
1350 2569 1440 2611 dixi
1471 2569 1781 2613 defensionem:

211 2625 256 2665 in
288 2624 468 2682 stropha
507 2626 699 2679 graviter
733 2628 1056 2683 interpungitur
1094 2632 1192 2684 post
1221 2645 1260 2671 v.
1295 2630 1401 2681 578,
1435 2629 1480 2670 in
1513 2629 1784 2686 antistropha

213 2683 354 2725 medio
377 2684 422 2725 in
444 2681 482 2726 y.
508 2686 607 2728 600.
682 2686 848 2730 Deinde
879 2692 981 2730 sunt
1009 2702 1159 2730 versus
1186 2688 1582 2744 hypercatalectici:
1622 2690 1782 2732 etenim

213 2742 435 2796 egreditur
456 2744 627 2799 syllaba
649 2750 843 2789 extrema
865 2747 1159 2790 dochmiorum
1180 2762 1394 2790 numeros.
1457 2747 1614 2790 Forma
1637 2753 1782 2791 autem

210 2802 613 2857 hypercatalectica,
647 2809 696 2847 ut
727 2806 916 2862 comperi
948 2821 1000 2849 ex
1023 2806 1199 2850 Christii
1228 2812 1321 2850 arte
1355 2809 1535 2850 metrica
1566 2806 1625 2864 (p.
1659 2806 1779 2865 431),

212 2862 266 2903 ab
298 2861 504 2917 Euripide
537 2878 770 2919 nunquam,
806 2866 938 2908 semel
971 2881 997 2908 a
1030 2866 1250 2922 Sophocle,
1291 2869 1464 2923 saepius
1497 2868 1553 2910 ab
1569 2867 1781 2923 Aeschylo

211 2925 277 2962 est
308 2922 463 2976 posita.
528 2922 670 2978 Atque
702 2925 804 2980 poni
836 2925 1005 2968 solebat
1036 2927 1167 2968 etiam
1198 2927 1307 2969 haec
1337 2926 1477 2970 forma
1509 2930 1586 2969 aut
1615 2928 1660 2968 in
1682 2941 1779 2970 sen-

210 2981 445 3022 tentiarum
477 2982 594 3024 exitu
629 2988 706 3026 aut
737 2999 869 3040 prope
910 2985 1170 3028 clausulam:
1223 2986 1341 3042 Sept.
1384 2986 1559 3029 fabulae
1599 3002 1663 3030 vv.
1692 2987 1775 3029 561
