1858 3320
727 219 1019 259 -45—

9 371 14 379 ·
50 333 65 390 .“
89 357 162 396 tae
198 351 434 406 tragoediis
473 350 702 406 desumpta
740 363 834 392 esse
873 349 1054 404 putavit.
1119 347 1205 389 Sed
1237 351 1285 389 ut
1317 347 1561 389 accuratius
1593 347 1658 388 in-

0 414 25 436 ³·
55 428 57 433 ¹
90 412 315 467 quiramus
361 411 406 452 in
437 411 647 465 originem
692 408 821 464 hujus
858 407 1048 458 fabulae,
1089 421 1201 462 quae
1234 410 1299 448 est
1330 406 1574 461 conscripta
1605 405 1659 448 de

0 470 10 505 ὗν
47 495 61 518 ,-
89 470 288 513 Herculis
309 471 482 524 sagitta,
516 470 608 511 sine
640 468 770 511 dubio
804 468 859 510 ab
890 468 984 523 ipso
1014 466 1328 523 mythographo
1361 470 1462 508 sunt
1509 465 1661 508 addita

53 538 57 542 ⁴
89 544 203 585 quae
234 530 280 572 id
313 534 448 584 agunt
478 533 527 572 ut
557 529 776 570 hominum
807 541 948 570 mores
982 541 1009 569 a
1038 527 1167 570 rebus
1198 525 1397 582 mythicis
1437 524 1659 567 deducan-

0 598 1 602 ’
58 584 64 632 J
87 593 172 632 tur.
237 589 324 632 Sed
362 590 481 646 prior
518 587 693 631 fabulae
725 601 829 643 pars
859 587 913 628 iis
943 586 1035 629 fere
1067 586 1266 629 convenit
1298 599 1410 640 quae
1442 583 1660 626 Hesiodus

18 668 19 671 ¹
47 658 56 694 f
88 649 134 690 in
162 647 413 703 Theogonia
442 648 544 690 inde
578 661 605 690 a
635 663 677 689 v.
699 648 785 690 520
817 646 1001 689 tradidit
1032 646 1086 688 de
1118 645 1363 688 Promethei
1396 644 1506 686 dolis
1539 648 1583 686 et
1606 644 1659 686 de

0 709 6 737 ³
44 721 57 757 j
87 712 215 751 tauro
246 708 467 751 immolato
500 713 542 750 et
574 707 628 750 de
658 708 758 761 igne
784 705 1006 748 »aetheria
1028 705 1154 749 domo
1186 704 1444 755 subducta«,
1468 703 1522 745 de
1544 702 1660 746 Pan-

0 770 6 796 Γ
89 767 198 810 dora
243 767 485 811 hominibus
534 767 710 817 donata,
760 766 814 808 de
852 765 925 808 illo
962 766 1126 822 punito.
1189 764 1290 807 Una
1320 767 1491 807 tantum
1522 764 1567 805 in
1598 778 1658 814 re,

0 830 17 856 ⁵
86 828 133 869 in
168 831 376 884 tempore,
415 842 495 883 per
525 826 642 881 quod
680 826 777 880 rupi
809 824 964 867 affixus
999 838 1092 867 esse
1126 825 1295 875 dicitur,
1330 823 1660 866 determinando

0 908 2 915 ι
87 892 349 943 provocatur
392 886 449 928 ad
480 886 682 940 Aeschyli
720 885 1040 927 auctoritatem:
1090 899 1304 927 summum
1342 883 1430 926 hoc*
1453 883 1661 938 temporis

0 967 1 974 1
53 951 55 954 ’
87 947 290 1002 spatium,
337 960 417 1002 per
462 959 507 987 se
540 946 609 988 vix
649 943 868 995 credibile,
907 959 996 986 una
1027 958 1125 986 cum
1157 944 1345 986 auctoris
1377 943 1549 986 nomine
1583 942 1661 985 ad-

41 1002 56 1009 ’
88 1006 247 1062 scripto
280 1010 346 1048 est
376 1006 586 1047 insertum
617 1004 857 1046 narrationi
890 1003 1065 1046 aliunde
1089 1003 1357 1059 desumptae.
1421 1002 1590 1045 Deinde
1612 1006 1662 1044 ut

86 1070 335 1121 praeteram
369 1070 412 1108 et
442 1078 555 1119 quae
589 1068 690 1107 sunt
721 1063 775 1106 de
807 1063 971 1118 origine
1006 1063 1179 1118 aquilae
1200 1062 1448 1105 Promethei
1464 1062 1661 1118 jecinora

34 1162 40 1166 ,,
87 1124 321 1167 lacerantis
353 1129 397 1168 et
429 1138 542 1179 quae
574 1123 628 1166 de
660 1122 898 1166 Parcarum
929 1137 1106 1165 munere
1141 1124 1195 1166 ab
1217 1123 1313 1178 ipso
1341 1121 1660 1178 mythographo

46 1195 51 1235 j
88 1184 291 1227 videntur
329 1198 424 1227 esse
457 1183 641 1240 adjecta,
691 1183 832 1237 altera
862 1197 965 1239 pars
996 1197 1175 1238 prorsus
1212 1183 1303 1224 fere
1343 1182 1559 1225 consentit
1591 1195 1660 1223 ar-

39 1279 41 1283 .
88 1249 315 1299 gumento-
339 1243 516 1286 fabulae
563 1242 742 1285 alterius
796 1256 823 1285 a
869 1241 1134 1285 Weckleinio
1188 1242 1442 1285 advocatae.
1511 1241 1661 1284 Tertia

45 1343 51 1351 ,.
89 1308 235 1346 autem
266 1318 383 1359 pars,
418 1313 530 1358 quae
551 1303 702 1358 incipit
724 1316 776 1345 ex
798 1302 1048 1345 narratione
1072 1302 1128 1344 ad
1150 1301 1380 1344 Herculem
1401 1302 1658 1358 pertinente,

3 1351 6 1353 Δ
89 1364 180 1406 sine
213 1363 343 1406 dubio
377 1362 451 1405 alii
481 1361 590 1405 fonti
623 1362 805 1404 debetur
837 1366 968 1416 atque
1002 1361 1154 1404 altera.
1219 1361 1391 1404 Etenim
1427 1365 1661 1417 postquam

88 1427 154 1465 est
191 1427 417 1465 narratum
448 1421 752 1464 Prometheum
788 1426 888 1477 post
923 1421 1175 1464 vaticinium
1205 1420 1231 1463 J
1233 1421 1302 1464 ovi
1333 1421 1661 1477 pronuntiatum

47 1492 50 1518 f
88 1482 325 1524 secundum
362 1482 494 1524 fidem
526 1481 679 1524 datam
708 1481 890 1524 vinculis
922 1495 1017 1524 esse
1049 1481 1249 1532 solutum,
1291 1480 1432 1523 denuo
1464 1481 1659 1523 narratio

35 1538 42 1570 2
89 1541 228 1584 altera
258 1542 408 1597 incipit
439 1541 494 1584 de
526 1542 618 1596 ejus
650 1541 925 1584 liberatione:
973 1555 1076 1583 nam
1113 1541 1270 1583 dicitur
1301 1540 1510 1583 Hercules
1547 1540 1659 1584 forte

32 1615 36 1648 j
87 1601 280 1656 quadam
310 1602 407 1644 viae
438 1601 608 1644 nescius
641 1601 865 1644 devenisse
899 1601 956 1643 ad
976 1600 1283 1643 Prometheum
1305 1614 1489 1655 eumque
1510 1601 1658 1644 vincu-

84 1660 138 1703 lis
168 1661 391 1704 liberasse.
455 1661 548 1703 Hoc
580 1675 632 1703 ex
664 1660 865 1717 Aeschyli
895 1660 1133 1716 tragoediis
1165 1675 1251 1703 non
1273 1664 1340 1703 est
1361 1660 1656 1716 desumptum:

30 1720 47 1770 Ϊ-
84 1734 274 1776 namque
307 1734 572 1776 quamquam
604 1734 658 1762 ea
689 1720 743 1763 de
776 1721 931 1775 quibus
965 1721 1132 1775 agimus
1164 1734 1251 1763 non
1281 1719 1434 1762 leviter
1461 1725 1563 1763 sunt
1583 1720 1659 1763 de-

39 1832 43 1835 ’
84 1785 284 1836 pravata,
332 1785 480 1823 tamen
526 1780 592 1822 his
639 1794 691 1822 ex
730 1780 872 1823 verbis
910 1779 1157 1823 »contendit
1187 1783 1235 1822 ut
1267 1784 1310 1822 et
1341 1779 1574 1822 draconem
1605 1780 1659 1823 de

35 1850 49 1883 ζ
86 1854 172 1895 quo
204 1839 392 1883 diximus
429 1839 705 1882 interfectum
742 1839 906 1883 diceret
943 1844 988 1883 et
1025 1840 1211 1895 gratiam
1240 1853 1319 1895 pro
1350 1840 1558 1882 beneficio
1590 1853 1658 1883 re-

19 1898 40 1940 ’,ἶ
84 1899 235 1942 ferret:
269 1914 371 1942 nam
402 1899 627 1942 confestim
657 1899 863 1942 honorem
895 1914 1024 1955 quem
1055 1899 1196 1955 potuit
1226 1898 1419 1941 reddidit
1446 1900 1655 1942 merenti«

35 1997 40 2000 .
84 1958 165 2001 hoc
195 1973 328 2002 unum
359 1960 466 2002 satis
498 1973 714 2015 superque
744 1964 932 2015 apparet
962 1959 1045 2002 hac
1076 1959 1120 2001 in
1152 1958 1403 2001 narratione
1426 1959 1659 2002 Herculem

32 2046 40 2076 ς
85 2019 157 2062 via
203 2020 259 2062 ab
307 2018 444 2062 altero
484 2018 783 2062 demonstrata
813 2020 859 2061 in
890 2019 1150 2076 Hispaniam
1180 2019 1350 2061 venisse
1383 2023 1427 2061 et
1456 2019 1557 2061 inde
1590 2034 1658 2062 re-

34 2107 35 2110 =
86 2092 255 2121 versum
289 2079 327 2121 ei
359 2078 531 2121 demum
563 2078 761 2122 retulisse
794 2079 996 2134 gratiam.
1057 2079 1178 2121 Haec
1218 2079 1345 2120 unius
1378 2078 1658 2134 ejusdemque

84 2137 308 2193 tragoedie
354 2142 608 2193 argumento
655 2152 740 2181 non
787 2153 914 2194 posse
955 2138 1227 2181 accomodari
1265 2139 1403 2193 quivis
1434 2138 1656 2193 intelligit:

35 2211 40 2250 j
84 2198 234 2252 itaque
281 2197 495 2252 quomodo
541 2197 619 2240 illa
665 2198 718 2240 de
759 2197 946 2241 Hercule
978 2199 1229 2241 narratione
1261 2198 1505 2240 Kolischius
1539 2198 1659 2241 abuti

84 2258 275 2313 potuerit
319 2262 367 2300 ut
415 2257 594 2300 alterius
639 2258 888 2314 interpretis
922 2258 1134 2314 judicium
1180 2259 1224 2299 in
1258 2257 1436 2300 dubium
1469 2262 1656 2309 vocaret,

12 2318 42 2371 's'j
84 2331 262 2372 prorsus
294 2331 378 2360 non
409 2318 681 2373 perspicitur.
746 2318 832 2361 Sed
866 2318 1006 2360 altera
1037 2317 1213 2360 fabulae
1245 2322 1371 2373 parte
1403 2316 1659 2361 Weckleinii

85 2377 302 2419 sententia
334 2376 436 2418 mihi
460 2377 634 2431 quidem
657 2378 949 2420 commendari
973 2382 1104 2432 atque
1125 2378 1291 2420 firmari
1312 2377 1500 2420 videtur:
1534 2392 1658 2420 nam-

86 2450 169 2490 que
192 2441 258 2479 est
278 2436 632 2479 verisimillimum
651 2451 748 2479 eam
771 2437 919 2480 deberi
941 2436 1141 2493 Aeschyli
1163 2436 1416 2491 tragoediis
1467 2436 1659 2479 Primum

39 2493 40 2496 ’
85 2495 192 2539 haec
238 2496 357 2550 origo
403 2497 602 2552 proditur
648 2510 702 2539 ea
748 2511 794 2539 re
842 2496 957 2551 quod
990 2497 1399 2540 vaticinium'nemo
1429 2496 1527 2540 Jovi
1558 2511 1659 2553 pro-

84 2556 287 2598 nuntiare
319 2570 446 2611 posse
479 2556 637 2598 dicitur
667 2561 843 2612 praeter
874 2555 1200 2606 Prometheum3
1240 2569 1381 2611 neque
1418 2556 1500 2599 hac
1532 2556 1658 2599 modo

85 2629 132 2657 re
164 2629 277 2670 quae
311 2620 377 2657 cst
407 2616 451 2657 in
485 2615 625 2658 altera
656 2630 829 2670 quoque
862 2615 1012 2658 fabula
1039 2616 1116 2658 sed
1139 2617 1271 2658 etiam
1294 2615 1390 2658 aliis
1414 2616 1557 2658 causis
1579 2616 1658 2658 du-

7 2677 35 2722 l..
85 2675 221 2717 cimur
252 2675 295 2716 in
328 2675 513 2717 eandem
545 2675 801 2730 opinionem.
865 2674 979 2718 Nam
1011 2677 1215 2730 quoniam
1248 2690 1300 2718 ex
1331 2679 1488 2731 poetae
1512 2679 1659 2718 aueto-

85 2735 213 2776 ritate
247 2739 396 2790 aperte
431 2733 627 2777 adhibita
659 2739 829 2777 constat
860 2734 1222 2791 mythographum
1261 2735 1354 2790 ejus
1385 2735 1660 2789 tragoediam

4 2792 11 2852 ,¹
85 2794 337 2850 inspexisse,
382 2793 510 2836 facile
543 2794 694 2836 eodem
740 2794 858 2837 fonte
905 2795 968 2836 uti
999 2795 1141 2850 potuit
1173 2795 1304 2837 etiam
1336 2795 1380 2837 in
1413 2794 1659 2838 Promothei

85 2853 296 2895 solutione
344 2852 587 2903 narranda3
634 2853 716 2895 huc
764 2853 931 2896 accedit
978 2854 1093 2908 quod
1126 2868 1239 2909 quac
1271 2854 1470 2908 feruntur
1501 2854 1556 2896 de
1589 2869 1659 2896 co-

86 2913 203 2955 ronis
234 2914 431 2955 nituntur
462 2914 554 2955 sine
587 2912 718 2955 dubio
751 2912 951 2968 Aeschyli
983 2913 1152 2956 fabula:
1189 2914 1349 2956 etenim
1381 2914 1533 2957 eadem
1567 2914 1657 2956 fere

5 3025 9 3031 .
86 2987 137 3015 ex
170 2972 296 3028 hujus
328 2978 481 3028 poetae
515 2972 742 3027 tragoedia
775 2978 948 3028 sumpta
978 2973 1213 3016 traduntur
1245 2973 1361 3029 apud
1386 2973 1540 3016 Athen.
1565 2973 1656 3016 XV.
