1858 3320
890 227 1178 267 —28—

374 355 548 397 Accedit
579 355 665 396 alia
695 368 822 396 causa
853 368 939 408 qua
967 355 1071 396 mihi
1104 354 1278 409 quidem
1303 369 1454 398 scenae
1490 356 1608 410 origo
1629 355 1814 413 Aeschy-

257 415 325 456 lea
362 414 638 457 vehementer
675 414 718 455 in
758 413 934 455 dubium
970 414 1112 456 vocari
1142 413 1325 456 videtur.
1386 413 1584 470 Namque
1614 415 1816 470 quoniam

255 476 351 527 post
381 489 420 515 v.
445 474 530 515 988
563 477 607 515 et
637 472 747 515 duae
779 486 943 515 sorores
973 472 1017 514 in
1048 486 1174 516 scena
1204 477 1428 516 remanent
1459 476 1504 516 et
1531 487 1687 528 praeco
1715 488 1816 529 pro-

255 531 380 583 cedit,
413 536 556 587 partes
587 535 722 586 agunt
752 531 832 573 hac
861 532 905 572 in
937 545 1063 574 scena
1093 535 1182 574 tres
1213 537 1390 575 actores.
1437 532 1519 583 Qui
1538 546 1817 588 personarum

255 605 458 633 numerus
487 591 558 633 vix
591 591 774 633 debetur
805 590 1028 646 Aeschylo.
1091 590 1262 634 Etenim
1296 592 1498 646 quoniam
1529 606 1553 635 e
1584 591 1818 635 didascalia

255 651 431 692 inventa
476 653 642 693 constat
693 649 810 704 Sept.
842 649 1033 692 fabulam
1079 649 1249 692 doctam
1280 664 1374 694 esse
1407 664 1445 693 a.
1467 664 1506 693 a.
1528 650 1627 693 Chr.
1650 665 1692 694 n.
1714 651 1815 704 467,

254 723 340 751 non
372 709 575 751 credibile
606 707 779 750 videtur
808 710 854 750 in
885 723 937 751 ea
966 708 1094 751 fuisse
1126 713 1214 752 tres
1245 713 1422 753 actores.
1485 708 1596 752 Nam
1628 710 1818 766 quinque

254 771 424 810 tantum
470 769 592 810 annis
638 767 770 810 distat
814 767 924 810 illud
970 771 1139 823 tempus
1177 769 1232 811 ab
1264 782 1313 812 eo
1358 773 1553 824 tempore
1585 783 1670 824 quo
1699 768 1816 812 Pers.

254 827 413 878 fabula,
448 842 500 869 ex
539 826 738 883 Aeschyli
769 826 1002 882 tragoediis
1042 832 1252 883 quantum
1297 828 1480 871 sciamus
1508 828 1816 883 antiquissima,

255 887 299 927 in
330 900 499 928 scenam
532 889 596 928 est
626 887 856 940 producta3
889 885 1100 929 Orestiam
1132 890 1277 929 autem
1309 887 1538 942 trilogiam,
1578 890 1818 931 extremum

254 949 410 1000 poetae
456 959 574 1000 opus,
623 945 772 988 decem
803 945 892 989 fere
924 947 1048 988 annis
1079 950 1176 1000 post
1206 950 1394 989 nostram
1426 945 1616 989 fabulam
1648 946 1819 989 doctam

256 1019 350 1047 esse
381 1008 563 1047 constat.
625 1004 768 1060 Atque
807 1006 960 1048 ceteris
998 1006 1042 1047 in
1073 1005 1231 1047 fabulis
1262 1005 1363 1048 inde
1394 1019 1421 1047 a
1451 1006 1591 1060 prima
1620 1005 1699 1048 illa
1727 1009 1818 1048 tra-

256 1063 410 1118 goedia
441 1064 525 1107 duo
556 1066 726 1106 tantum
758 1069 924 1107 actores
956 1065 1000 1106 in
1033 1078 1161 1107 scena
1191 1065 1323 1107 verba
1353 1064 1494 1108 facere
1525 1064 1683 1108 solent:
1731 1065 1819 1120 pri-

254 1138 371 1165 mum
417 1123 462 1165 in
511 1123 682 1165 Orestia
727 1127 829 1166 sunt
874 1128 963 1167 tres
1009 1128 1190 1175 actores,
1237 1124 1367 1166 tertio
1413 1127 1560 1166 tamen
1604 1136 1822 1179 perpauca

254 1186 424 1224 tantum
469 1183 602 1225 verba
647 1187 777 1237 poeta
821 1183 988 1225 tribuit.
1050 1183 1107 1224 Et
1153 1197 1415 1238 quamquam
1456 1183 1595 1238 quivis
1626 1182 1822 1226 concedit

254 1242 478 1296 aptissima
498 1243 543 1284 in
565 1243 785 1285 occasione
807 1243 984 1285 tertium
1007 1241 1166 1297 Coeph.
1188 1242 1360 1285 fabulae
1385 1245 1587 1294 actorem,
1621 1242 1715 1286 (1160
1734 1242 1820 1299 Py-

254 1301 410 1352 ladem,
444 1301 586 1344 verbis
617 1303 682 1343 uti
713 1299 799 1357 (vv.
823 1300 1090 1358 893—895),
1130 1305 1277 1344 13111611
1319 1315 1370 1344 ea
1408 1302 1501 1356 ipsa
1541 1315 1595 1344 ex
1625 1316 1673 1345 re
1704 1300 1821 1357 quod

253 1364 383 1414 poeta
421 1375 530 1412 eum,
563 1360 663 1403 inde
695 1375 721 1402 a
751 1361 1000 1415 tragoediae
1030 1361 1155 1403 initio
1188 1360 1350 1403 Orestis
1380 1361 1680 1416 pedisequum,
1712 1360 1819 1403 nihil

253 1419 354 1462 fecit
401 1420 612 1463 dicentem
661 1420 743 1462 nisi
789 1424 878 1463 tres
925 1421 1023 1462 illos
1054 1421 1286 1463 versiculos
1318 1421 1489 1463 videtur
1519 1434 1614 1463 esse
1646 1421 1817 1464 conclu-

255 1479 441 1522 dendum
490 1494 575 1523 non
622 1480 758 1522 multo
805 1484 906 1522 ante
943 1479 1062 1522 illam
1108 1479 1326 1534 trilogiam
1357 1479 1593 1523 docendam
1623 1480 1763 1535 poetis
1791 1493 1820 1522 3

255 1539 474 1594 republica
505 1553 728 1582 concessos
761 1553 854 1582 esse
885 1543 975 1582 tres
1008 1542 1174 1582 actores
1206 1553 1312 1594 quos
1339 1539 1543 1582 docerent
1576 1538 1818 1582 fabularum

254 1602 412 1652 partes.
476 1599 630 1654 Itaque
660 1599 705 1640 in
737 1598 934 1654 Aeschyli
966 1599 1082 1653 Sept.
1114 1598 1272 1650 fabula,
1308 1612 1419 1653 quae
1451 1602 1518 1641 est
1549 1612 1602 1640 ex
1639 1611 1819 1641 numero

254 1658 576 1712 tragoediarum
607 1659 912 1713 antiquiorum,
946 1662 1036 1700 tres
1067 1661 1233 1701 actores
1258 1658 1471 1700 exstitisse
1493 1657 1695 1712 equidem
1710 1657 1819 1700 mihi

253 1717 515 1772 persuadere
546 1731 632 1760 non
662 1731 848 1772 possum.

372 1777 398 1819 J
401 1791 471 1819 am
501 1780 551 1819 ut
583 1777 710 1819 aliam
743 1778 797 1820 ad
819 1790 993 1819 causam
1014 1780 1298 1828 transeamus,
1331 1775 1503 1819 fabulae
1539 1776 1681 1819 exitus
1711 1788 1818 1831 qua-

254 1835 339 1878 lem
372 1836 579 1879 habemus
610 1837 818 1879 traditum
850 1836 1050 1892 Aeschyli
1081 1840 1175 1878 arte
1207 1840 1338 1891 atque
1379 1836 1552 1891 ingenio
1572 1836 1644 1878 vix
1664 1835 1820 1890 dignus
1856 1880 1858 1893 ἵ

254 1895 439 1938 videtur.
503 1895 675 1938 Etenim
723 1897 797 1951 qui
829 1895 1005 1950 quidem
1048 1899 1212 1938 ceteras
1256 1895 1424 1938 fabulas
1470 1895 1709 1950 respexerit
1750 1894 1818 1936 in-
1857 1900 1858 1906 ’

255 1954 424 2009 telliget
455 1969 583 2010 quam
615 1955 759 1997 miseri
789 1955 875 1997 sint
904 1955 1129 2010 anapaesti
1160 1958 1204 1997 et
1234 1955 1265 1996 ii
1297 1955 1450 2009 quibus
1481 1954 1599 1997 chori
1625 1953 1713 1996 dux
1732 1954 1818 1997 uti-

254 2018 326 2055 tur
358 2014 602 2057 deliberans
641 2018 787 2057 utrum
824 2028 913 2056 una
943 2029 1039 2056 cum
1071 2013 1160 2056 suis
1198 2017 1485 2068 prosequatur
1514 2013 1732 2056 Eteoclem
1762 2026 1819 2055 an

253 2074 395 2127 potius
426 2073 673 2129 Polynicem
706 2077 750 2116 et
779 2074 811 2115 ii
842 2088 950 2128 quos
981 2074 1166 2116 recitant
1194 2073 1458 2116 hemichoria
1486 2075 1564 2115 aut
1589 2072 1713 2115 illum
1741 2075 1820 2115 aut

254 2132 368 2175 hunc
398 2133 719 2188 prosequentia.
784 2133 904 2175 Solet
935 2133 1049 2175 enim
1080 2132 1316 2189 Aeschylus
1347 2131 1579 2187 tragoediis
1609 2131 1819 2187 subjicere

255 2191 396 2234 exitus
428 2207 514 2235 non
546 2192 673 2235 modo
705 2207 801 2235 eum
832 2193 885 2234 iis
917 2196 1034 2234 arcte
1067 2192 1343 2234 cohaerentes
1373 2191 1449 2234 sed
1486 2191 1619 2234 etiam
1638 2194 1734 2234 tota
1751 2191 1818 2232 in-

255 2251 351 2293 dole
397 2251 658 2306 splendidos.
723 2251 792 2294 Sic
821 2252 867 2293 in
913 2251 1054 2294 Prom.
1088 2251 1260 2294 fabulae
1293 2251 1411 2294 exitu
1441 2250 1643 2293 Mercurii
1676 2249 1818 2293 ‹Iovis-

255 2325 338 2365 que
355 2311 476 2366 jussu
497 2311 669 2353 irruunt
690 2314 972 2365 tempestates
993 2311 1286 2353 vehementes:
1320 2310 1474 2365 quibus
1494 2309 1819 2365 tempestatibus

255 2384 351 2411 eum
385 2371 528 2413 omnia
558 2371 828 2422 misceantur,
862 2370 1155 2422 Prometheus,
1189 2370 1293 2412 dum
1322 2372 1524 2424 precatur
1554 2382 1593 2411 a>
1610 2372 1748 2411 matre
1770 2372 1820 2411 ut

256 2443 350 2471 sese
396 2429 559 2485 injusta
602 2431 844 2485 patientem
882 2430 1074 2484 aspiciat,
1107 2430 1153 2471 in
1185 2429 1341 2471 Orcum
1373 2428 1498 2484 dejici
1529 2431 1597 2471 est
1627 2428 1818 2482 cogitan-

255 2488 354 2538 dus3
387 2488 624 2532 Oeeanides
656 2493 815 2541 autem,
848 2489 1061 2532 Mercurio
1083 2488 1372 2539 dissuadente,
1404 2502 1498 2530 sese
1518 2501 1607 2530 una
1625 2500 1724 2530 cum
1742 2487 1819 2530 illo

253 2547 505 2591 interituras
544 2563 638 2591 esse
675 2549 944 2604 profitentur.
1009 2548 1157 2602 Suppl.
1194 2561 1323 2602 porro
1360 2546 1507 2589 fabula
1546 2547 1608 2589 sic
1644 2546 1735 2589 exit
1768 2549 1820 2588 ut

254 2607 472 2650 Danaides
509 2609 694 2663 virgines
726 2623 814 2650 una
843 2622 938 2650 cum
971 2607 1138 2650 ancillis
1170 2607 1260 2649 suis
1293 2610 1337 2649 et
1365 2610 1490 2661 patre
1526 2606 1707 2662 ejusque
1741 2619 1818 2660 pe-

256 2667 444 2721 disequis
475 2665 579 2723 (vid.
602 2683 640 2710 v.
665 2668 750 2710 986
783 2668 903 2710 verbi
933 2666 1116 2710 formam
1146 2665 1445 2720 masculinam)
1475 2666 1522 2708 in
1547 2665 1699 2707 urbem
1716 2678 1818 2719 pro-

253 2724 445 2768 fecturae
494 2727 681 2781 primum
727 2727 918 2769 salutent
963 2739 1116 2769 novam
1163 2726 1368 2780 patriam3
1423 2723 1580 2767 deinde
1616 2723 1819 2767 brevibus

256 2785 481 2826 sententiis
513 2789 688 2828 utentes
719 2787 917 2828 rixantur
947 2786 1080 2841 ipsae,
1121 2786 1279 2840 quippe
1317 2797 1428 2839 quae
1455 2783 1505 2826 id
1535 2797 1670 2826 unum
1699 2796 1818 2838 spee-

256 2847 351 2886 tent
396 2848 446 2885 ut
484 2844 768 2899 deprecentur
806 2846 979 2900 nuptias
1010 2844 1272 2900 perniciosas
1304 2844 1384 2886 sibi
1415 2843 1470 2886 ab
1501 2842 1688 2899 Aegypti
1716 2841 1818 2884 filiis

255 2902 539 2954 imminentes,
573 2918 669 2946 cum
700 2904 873 2947 famulis
905 2905 1156 2947 timentibus
1188 2918 1242 2946 ne
1273 2904 1498 2946 vincantur
1529 2915 1606 2944 eae
1637 2902 1693 2944 ab
1712 2900 1818 2944 ado-

257 2961 534 3005 lescentibus:
570 2963 643 3018 qui
676 2964 791 3018 quod
822 2965 938 3006 nacti
959 2965 1044 3006 sint
1063 2964 1381 3018 navigationem
1403 2961 1648 3013 secundam,
1680 2960 1818 3004 videri
