1858 3320
735 210 1027 252 -55-

59 342 62 343 ’
98 340 290 395 syllabae
336 340 494 395 longae
541 341 799 383 solutionem
845 340 976 383 habet
1021 339 1212 383 indolem
1251 341 1358 383 satis
1396 346 1668 384 commotam.

55 446 58 447 ⁷
95 399 322 442 Proximus
375 405 522 443 autem
553 414 704 443 versus
755 397 888 440 »ἵκετο
926 397 1132 456 τερμόνιον
1170 397 1235 440 ἐπὶ
1274 399 1426 454 πάγον<<
1485 401 1671 444 efficitur

94 459 276 515 pedibus
298 459 494 503 dochmio
517 464 561 502 et
581 461 758 503 cretico:
789 473 978 516 namque
1005 460 1140 502 verba
1168 460 1333 502 tradita
1360 460 1467 502 mihi
1495 462 1670 516 quidem

54 527 55 530 ’
98 518 303 561 videntur
362 534 456 562 esse
508 519 756 570 retinenda;
809 519 1060 562 Dindorfius
1107 520 1222 561 enim
1268 517 1374 560 ἵκετο
1421 521 1571 572 verbo,
1622 524 1670 563 ut

51 580 67 636 .*
95 579 346 621 restitueret
365 580 608 622 trimetrum
629 579 873 631 iambicum,
897 579 1146 635 praeposito
1162 580 1415 635 pronomine
1439 578 1496 624 τίς·
1513 584 1669 635 poetae

48 635 50 640 ’
93 637 318 680 consilium
363 640 567 681 turbasse
611 639 796 682 videtur.
881 638 1164 682 Prometheus
1217 653 1436 695 quaenam
1483 654 1669 695 persona

93 698 260 740 venerit
294 699 388 753 jam
418 699 652 742 iniuriosus
687 698 819 753 (hanc
849 712 942 741 rem
971 699 1120 754 tetigit
1151 695 1316 755 antea),
1364 713 1479 741 nunc
1525 700 1670 754 pergit

94 757 364 812 interrogare
410 763 557 801 utrum
603 773 703 801 suos
751 758 920 801 dolores
966 759 1115 801 visura
1160 759 1328 801 venerit
1372 758 1450 801 illa
1489 772 1545 800 an
1582 759 1667 801 alio

94 817 286 872 quodam
332 817 510 860 consilio
558 818 702 861 ducta.
782 817 984 861 Ceterum
1030 818 1198 861 monuit
1235 817 1416 861 Weilius
1463 833 1667 862 numeros

90 890 225 919 novos
247 877 491 932 significare
513 892 651 920 novae
672 878 738 920 rei
755 877 1099 921 admirationem.
1144 877 1245 920 Jam
1267 878 1408 920 denuo
1425 883 1669 933 'sequuntur

90 936 278 979 trimetri
329 937 516 979 iambici.
602 937 758 993 Itaque
803 937 1005 980 versiculi
1050 937 1115 979 1111
1153 938 1239 980 duo
1287 935 1372 994 (vv.
1415 938 1512 980 115.
1563 936 1667 995 117)

92 1010 179 1038 11011
210 1010 290 1052 per
321 1010 367 1039 se
400 996 568 1039 faciunt
613 996 773 1039 cantici
818 1001 1009 1053 partem:
1059 1002 1160 1039 sunt
1190 1001 1240 1039 ut
1277 996 1514 1051 proderent
1551 1012 1667 1041 com-

90 1056 318 1098 motiorem
355 1056 603 1099 Promethei
651 1057 861 1108 animum,
909 1057 1117 1099 trimetris
1165 1057 1361 1099 iambicis
1407 1057 1664 1112 interpositi.

92 1114 179 1158 Sed
225 1116 450 1170 quaeritur
496 1130 686 1172 quonam
722 1117 816 1159 iure
859 1117 924 1159 vir
962 1117 1112 1159 doctus
1161 1116 1317 1158 dixerit
1354 1132 1421 1159 vv.
1458 1117 1662 1160 88-127

89 1175 348 1217 monodiam.
411 1175 584 1231 Optime
622 1176 716 1231 ipse
747 1175 792 1217 in
814 1175 983 1231 Proleg.
1016 1191 1087 1232 pp.
1119 1176 1354 1218 198—199
1386 1180 1662 1231 anapaestos,

89 1234 219 1278 choro
251 1235 295 1277 in
328 1235 593 1278 orchestram
631 1235 886 1291 procedenti
931 1236 1065 1278 tribui
1111 1235 1278 1288 solitos,
1328 1240 1529 1278 cantatos
1568 1251 1664 1279 esse

22 1310 25 1313 ’
90 1293 269 1348 negavit
301 1295 378 1337 sed
425 1296 643 1338 recitatos.
722 1295 842 1338 Idem
873 1295 979 1338 mihi
1011 1295 1188 1352 quidem
1225 1295 1271 1337 in
1308 1294 1386 1337 hos
1418 1295 1665 1339 Promethei

91 1368 242 1396 versus
274 1356 428 1398 cadere
460 1355 643 1398 videtur.
706 1354 820 1397 Nam
850 1356 1035 1411 primum
1078 1369 1226 1398 omnes
1258 1354 1350 1398 1010
1382 1369 1533 1398 versus
1565 1361 1665 1399 sunt

87 1414 273 1456 trimetri
311 1415 485 1457 iambici
517 1419 594 1457 aut
631 1416 860 1470 anapaesti
898 1429 1026 1472 quos,
1069 1415 1276 1471 quoniam
1311 1415 1504 1471 proxime
1536 1430 1664 1471 prae-

89 1473 250 1516 cedunt
280 1475 399 1530 prius
432 1474 550 1517 chori
582 1475 810 1526 canticum,
843 1475 1128 1518 Prometheus
1160 1475 1349 1516 recitans
1382 1476 1510 1530 quasi
1541 1474 1664 1530 fungi

89 1533 261 1576 videtur
305 1534 398 1577 vice
438 1534 556 1576 chori
601 1535 676 1590 qui
727 1535 888 1590 primos
937 1538 1201 1590 anapaestos
1248 1534 1416 1577 solebat
1462 1535 1663 1578 recitare.

88 1593 254 1635 Deinde
301 1594 501 1648 equidem
546 1593 687 1636 facere
734 1609 821 1636 non
866 1609 1043 1651 possum
1090 1594 1195 1649 quin
1241 1594 1436 1636 insaniae
1483 1606 1663 1649 arguam

88 1656 275 1708 poetam,
308 1653 344 1695 si
375 1654 472 1708 quis
504 1654 611 1696 adeo
643 1655 868 1696 recesserit
889 1655 944 1696 ab
972 1654 1169 1696 omnibus
1200 1657 1383 1696 naturae
1414 1654 1582 1709 legibus
1613 1659 1664 1697 ut

86 1711 303 1754 hominem
340 1717 514 1768 pectore
561 1714 708 1755 cuneis
749 1714 1096 1756 transverberato
1135 1714 1234 1769 rupi
1271 1713 1448 1756 affixum
1499 1713 1664 1757 faceret

89 1776 338 1815 cantantem
370 1787 517 1816 versus
550 1773 853 1828 quadraginta.
917 1772 1029 1824 Quid
1065 1773 1242 1815 tandem
1279 1777 1425 1829 potest
1463 1774 1660 1825 inveniri,

88 1832 203 1885 quod
241 1835 334 1875 arte
373 1836 505 1887 atque
544 1833 718 1888 ingenio
765 1834 920 1875 summi
965 1834 1228 1887 tragicorum
1273 1833 1478 1889 principis
1526 1835 1662 1888 magis

87 1892 264 1946 dignum
295 1892 493 1934 videatur
525 1906 655 1947 quam
685 1892 792 1935 haec
824 1891 1071 1935 Promethei
1103 1893 1260 1934 oratio!
1309 1892 1421 1935 Nam
1453 1907 1531 1935 suo
1563 1894 1657 1936 iure

86 1950 152 1992 his
181 1951 226 1992 in
264 1952 455 1994 versibus
492 1952 764 1995 admirantur
808 1953 1070 2008 interpretes
1108 1953 1329 2006 ingenium
1360 1952 1659 2009 Aeschyleum.

87 2010 231 2066 Atque
264 2012 482 2066 equidem,
528 2015 580 2054 ut
609 2011 696 2054 alia
726 2013 943 2064 omittam,
991 2011 1072 2054 hoc
1102 2027 1236 2054 unum
1274 2013 1456 2054 monebo
1497 2016 1661 2067 quanta

87 2084 184 2112 cum
216 2074 311 2113 arte
342 2071 481 2113 forma
508 2072 687 2114 metrica
717 2073 801 2128 ipsi
832 2076 1088 2126 argumento
1119 2073 1175 2114 sit
1206 2073 1424 2127 adaptata.
1487 2071 1660 2115 Etenim

87 2143 142 2172 ne
171 2130 329 2172 iterum
351 2131 492 2173 dicam
515 2132 566 2174 de
597 2146 763 2174 summa
783 2146 986 2175 versuum
1013 2131 1336 2174 bacchiacorum
1359 2133 1657 2184 commotione,

86 2189 167 2231 hac
198 2190 242 2232 in
274 2205 321 2233 re
352 2205 517 2233 summo
555 2192 736 2234 artificio
773 2196 904 2247 poeta
935 2195 1000 2234 est
1030 2206 1131 2234 usus
1162 2195 1213 2233 ut
1242 2192 1287 2233 in
1318 2207 1357 2233 v.
1395 2192 1475 2234 101
1511 2192 1659 2235 11101115

87 2251 373 2304 anapaesticis
411 2251 629 2293 trimetros
660 2252 863 2294 iambicos
900 2252 1143 2307 subjiceret.
1222 2250 1393 2293 Etenim
1425 2255 1657 2306 postquam

87 2307 381 2361 Prometheus,
415 2313 464 2352 ut
495 2315 559 2352 est
589 2310 705 2353 solus
735 2311 780 2353 in
801 2311 1030 2354 solitudine
1053 2310 1241 2361 relictus,
1276 2311 1448 2355 asociis
1471 2311 1572 2362 suis,
1602 2312 1657 2354 ab

87 2382 187 2427 aere
208 2370 348 2412 ventis
380 2370 487 2411 mari
520 2369 658 2413 fluviis
683 2374 803 2413 terra
835 2371 923 2413 sole
958 2372 1086 2426 petiit
1116 2374 1166 2412 ut
1187 2371 1483 2426 conspicerent
1511 2371 1657 2425 qualia

85 2428 178 2483 ipse
199 2428 306 2471 deus
338 2433 563 2484 pateretur
583 2443 610 2472 a
631 2430 723 2482 diis,
758 2444 926 2473 summa
946 2444 1103 2473 novum
1125 2431 1170 2471 in
1193 2430 1411 2472 dominum
1432 2430 1498 2471 ira
1523 2434 1655 2484 atque

85 2502 249 2531 summo
294 2488 438 2532 dolore
470 2489 684 2545 abripitur
730 2494 994 2545 questusque
1043 2490 1212 2545 quaerit
1259 2489 1432 2544 quando
1479 2489 1656 2533 tandem

85 2547 200 2589 mala
245 2548 375 2591 finem
421 2549 507 2591 sint
552 2549 766 2592 habitura.
842 2550 941 2593 Jam
978 2554 1209 2605 postquam
1255 2549 1446 2591 vaticinii
1484 2549 1550 2591 sui
1590 2553 1656 2592 est

85 2607 346 2658 recordatus,
381 2609 523 2650 animo
545 2608 696 2652 sedato
719 2613 850 2664 atque
873 2609 1128 2664 quibusnam
1151 2609 1282 2650 armis
1314 2608 1654 2651 inimicissimum

85 2667 167 2709 sibi
221 2666 431 2723 subjicere
492 2668 626 2723 possit
686 2683 830 2712 secum
878 2669 1054 2712 volvens
1106 2670 1243 2711 utitur
1294 2667 1655 2723 subsequentibus

84 2726 291 2769 trimetris
323 2727 526 2770 iambicis.

203 2785 327 2829 Nunc
378 2791 442 2828 est
493 2787 721 2830 dicendum
774 2789 826 2831 de
877 2789 1158 2843 sequentibus
1211 2787 1327 2830 chori
1379 2787 1651 2831 carminibus.

85 2845 275 2888 Primum
306 2845 598 2902 Westphalius
635 2848 788 2903 prioris
826 2849 1062 2890 carminum
1100 2847 1216 2904 paris
1256 2861 1457 2890 numeros
1489 2848 1652 2890 iambo·

85 2904 393 2948 choriambicos
425 2907 480 2949 ab
512 2906 709 2962 Aeschyli
740 2910 834 2950 arte
866 2907 1099 2951 abhorrere
1137 2906 1360 2962 judicavit.
1438 2906 1653 2961 Equidem

85 2966 271 3010 concedo
311 2980 458 3009 versus
490 2967 550 3009 sic
588 2981 712 3023 posse
752 2967 950 3011 distribui
982 2971 1031 3010 ut
1063 2967 1170 3010 fiant
1214 2966 1651 3017 iambochoriambici3
