1858 3320
718 225 1008 268 -35-

5 406 8 415 Ι
38 380 41 396 s
81 359 279 414 bliopolis
312 359 443 401 etiam
473 355 872 411 Freibmgensibus,
907 370 1090 411 quorum
1112 356 1157 397 in
1178 355 1284 398 urbe
1303 357 1370 397 est
1391 355 1650 409 publicatus,

32 415 38 446 J
81 419 245 462 frustra
274 419 450 473 petiisse
481 416 728 460 affirmanti.

32 526 33 532 ¹
201 478 228 521 J
231 493 300 520 am
338 477 653 533 disputabimus
692 476 746 519 de
782 490 829 519 re
866 475 1100 531 proposita.
1163 473 1406 518 Kolischius
1446 475 1488 517 in
1524 488 1653 530 opus-

4 571 6 573 >
84 538 179 582 culo
220 537 336 593 quod
381 537 709 580 commemoravi
748 549 871 578 suam
910 535 965 578 de
998 534 1172 578 fabulae
1208 535 1373 590 origine
1409 535 1655 590 opinionem

33 603 37 622 ·’
85 597 280 642 defendit
326 598 387 639 sic
434 600 484 640 ut
530 596 780 639 ostenderet
825 595 1105 638 Promethum
1150 595 1196 636 in
1243 594 1424 637 diversis
1456 594 1654 649 trilogiae

3 700 5 703 ,
31 659 39 677 ‘²
84 658 282 714 partibus
319 657 508 711 cogitare
546 656 718 699 diversa
756 655 809 698 de
854 656 944 697 suis
980 655 1006 698 J
1009 655 1186 710 ovisque
1241 654 1430 698 sortibus
1482 653 1654 696 futuris.

85 717 282 772 Namque
328 718 514 772 primum
544 730 585 770 p.
619 716 676 758 69
721 714 902 770 protulit
940 715 1230 771 conjecturam
1267 714 1446 757 alterius
1483 713 1656 757 fabulae

34 809 38 812 ·
85 778 257 821 initium
309 777 599 831 conscriptum
651 789 746 818 esse
793 778 894 817 ante
945 773 1138 816 fabulam
1188 775 1389 829 priorem.
1467 773 1561 816 Hac
1610 775 1657 815 in

88 836 341 893 quaestione
363 836 535 879 silentio
558 849 652 878 sum
673 848 900 890 pressurus
922 833 1050 890 Freyi
1078 835 1323 888 opinionem
1352 834 1426 890 qui
1451 834 1498 876 in
1518 834 1659 889 prima

3 909 34 934 :1
86 900 211 952 parte
251 895 445 951 opusculi
480 909 619 950 nuper
650 895 756 937 editi
796 893 1293 949 »Aeschylus-Studien.
1355 893 1531 948 Bessage
1563 907 1659 936 zum

28 955 41 1008 ῗ
89 956 464 1010 Osterprogramm
501 955 577 997 des
601 953 911 997 Schaffhauser
948 953 1252 1008 Gymnasiums
1293 954 1434 996 1875«
1481 957 1660 1008 propter

88 1015 317 1059 nonnullas
363 1015 519 1070 prioris
564 1013 737 1057 fabulae
784 1014 1023 1056 sententias
1066 1014 1114 1055 in
1154 1013 1294 1056 altera
1330 1014 1511 1056 iteratas
1550 1013 1660 1055 duas

28 1077 35 1131 2]
89 1075 335 1130 tragoedias
381 1075 509 1117 unius
557 1073 836 1130 ejusdemque
873 1073 1071 1128 trilogiae
1119 1087 1213 1116 esse
1259 1074 1452 1128 negavit:
1501 1073 1661 1116 etenim

35 1137 37 1142 '
90 1135 228 1178 altera
272 1134 420 1177 fabula
464 1135 655 1189 poscitur
691 1133 800 1177 adeo
845 1134 1001 1188 prioris
1048 1136 1303 1188 argumento
1350 1136 1482 1188 atque
1512 1132 1661 1175 defen-

35 1240 38 1242 ,
91 1195 210 1238 ditur
239 1195 457 1238 veteribus
490 1194 827 1248 certissimisque
859 1192 1031 1236 scholiis
1063 1196 1113 1234 ut
1133 1194 1413 1248 repetitiones
1433 1192 1534 1235 illae
1556 1192 1662 1235 nihil

28 1251 34 1306 'p
90 1254 234 1299 valere
266 1255 445 1309 possint.
510 1253 596 1296 Sed
626 1257 677 1296 ut
708 1253 762 1296 de
794 1252 1002 1296 Kolischii
1033 1253 1280 1308 conjectura
1297 1253 1498 1309 judicem,
1532 1267 1662 1308 prop-

91 1318 160 1358 ter
190 1330 229 1357 v.
262 1315 319 1356 29
351 1313 466 1356 illius
498 1312 743 1368 fragmenti,
779 1312 894 1368 quod
915 1314 960 1354 in
980 1313 1174 1367 linguam
1194 1312 1470 1355 vernaculam
1491 1327 1662 1356 versum

27 1410 30 1412 ,
93 1374 282 1418 servavit
318 1372 442 1416 nobis
476 1372 623 1416 Cicero
656 1376 712 1426 (v.
731 1371 895 1415 Weckl.
930 1373 1032 1415 edit.
1065 1387 1136 1427 pp.
1173 1373 1269 1424 122,
1307 1373 1426 1428 123),
1461 1372 1664 1428 equidem

32 1468 41 1490 3
93 1434 197 1476 mihi
227 1447 314 1475 non
345 1447 521 1488 possum
541 1432 805 1488 persuadere
826 1433 871 1474 in
892 1432 972 1474 hac
993 1432 1192 1486 trilogiae
1213 1435 1337 1486 parte
1359 1432 1665 1475 Prometheum

26 1504 31 1522 ³
95 1507 239 1536 carere
261 1493 460 1547 auguiro:
493 1493 636 1547 potuit
656 1491 725 1534 hic
757 1491 953 1535 dolorum
990 1492 1263 1535 vehementia
1293 1491 1500 1546 abreptus
1533 1496 1665 1547 atque

95 1554 224 1596 sortis
255 1552 427 1595 futurae
460 1566 590 1608 quam
610 1551 883 1607 praesciebat
903 1553 1128 1595 immemor
1147 1550 1288 1594 factus
1309 1556 1493 1594 mortem
1515 1556 1666 1607 optare

29 1634 30 1637 ¹
95 1614 220 1668 quasi
265 1612 462 1655 laborum
508 1613 683 1655 exitum.
746 1612 913 1655 Deinde
960 1611 1066 1654 nihil
1113 1610 1394 1654 concluserim
1437 1625 1489 1654 ea
1527 1626 1581 1654 ex
1620 1625 1667 1654 re

97 1673 214 1728 quod
244 1671 407 1714 nullam
438 1674 743 1715 commemorat
773 1686 957 1726 poenam
989 1672 1072 1713 nisi
1104 1685 1198 1714 sese
1229 1671 1349 1714 Jovis
1367 1672 1493 1727 jussu
1515 1685 1541 1713 a
1561 1671 1668 1714 Vul-

97 1747 203 1776 cano
243 1733 356 1774 saxis
396 1746 491 1775 esse
529 1730 707 1774 affixum
747 1735 791 1774 et
825 1732 1017 1788 jecinora
1061 1731 1190 1774 tertio
1230 1745 1402 1786 quoque
1443 1730 1512 1773 die
1552 1730 1669 1772 illius

97 1791 243 1847 aquila
278 1791 472 1834 lacerari.
534 1791 707 1834 Erravit
745 1791 858 1833 enim
897 1792 962 1834 vir
1000 1790 1152 1833 doctus
1191 1804 1287 1832 cum
1326 1794 1540 1834 statueret
1571 1805 1670 1833 eum

21 1854 37 1899 j‘
98 1866 221 1894 suam
251 1852 297 1894 in
328 1851 485 1894 Orcum
515 1850 813 1907 'dejectionem
844 1852 1095 1906 praeterire,
1160 1849 1277 1905 quod
1330 1849 1469 1892 altera
1521 1849 1671 1893 fabula

98 1912 336 1966 composita
367 1914 482 1954 esset
513 1915 614 1953 ante
645 1911 847 1965 priorem.
901 1910 1011 1953 Nam
1045 1913 1111 1953 est
1142 1910 1465 1952 concedendum
1496 1914 1669 1964 poetam

22 1967 35 2019 ἦ
99 1986 176 2014 suo
209 1973 307 2028 jure
345 1970 497 2014 fecisse
537 1970 842 2013 Prometheum
878 1971 956 2013 hos
994 1973 1165 2012 tantum
1204 1969 1374 2012 dolores
1420 1974 1671 2012 narrantem

100 2045 207 2086 quos
245 2032 327 2086 ipsi
357 2030 531 2073 Titanes
563 2030 696 2073 oculis
727 2034 906 2085 possent
937 2030 1197 2085 conspicere.
1251 2029 1407 2084 Itaque
1439 2029 1543 2071 mihi
1576 2030 1671 2085 qui-

21 2087 39 2149 ·35
101 2090 199 2132 dem
235 2090 310 2133 illa
347 2090 554 2133 Kolischii
600 2091 845 2146 conjectura
881 2091 1007 2132 nimis
1046 2093 1199 2144 argute
1237 2089 1411 2132 videtur
1458 2103 1552 2132 esse
1597 2104 1671 2132 ex-

18 2156 39 2186 ’4
100 2151 305 2204 cogitata:
341 2151 472 2193 etiam
503 2149 578 2192 illa
608 2164 790 2192 narrans
811 2149 1093 2193 Prometheus
1115 2149 1297 2204 augurio
1318 2149 1544 2204 praeditus
1577 2163 1672 2192 esse

19 2213 42 2240 '⁷‘
130 2214 256 2253 otest.

41 2271 43 2274 ⁴
99 2223 129 2265 p
219 2270 318 2312 Jam
356 2270 647 2313 examinemus
688 2269 814 2325 quale
846 2268 978 2312 fuerit
1013 2270 1093 2312 hoc
1123 2269 1412 2324 praesagium.
1475 2268 1673 2325 Namque

36 2328 40 2352 ³
102 2328 165 2372 illi
211 2330 440 2384 interpreti
486 2344 600 2372 nunc
645 2329 702 2372 ad
749 2343 896 2372 omnes
940 2344 1010 2372 res
1056 2329 1237 2380 futuras,
1286 2343 1401 2371 nunc
1440 2329 1579 2371 solum
1618 2329 1675 2372 ad

18 2387 44 2442 s}
101 2387 318 2433 Themidis
357 2389 473 2445 quod
512 2392 690 2432 vocatur
727 2392 940 2432 secretum
968 2393 1059 2431 tam
1087 2389 1339 2431 inconcinne
1361 2389 1579 2443 pertinere
1611 2390 1675 2432 vi-

20 2456 39 2487 t*
104 2448 287 2492 debatur
331 2453 382 2491 ut
426 2448 511 2491 alia
553 2449 637 2492 alio
674 2452 868 2503 tempore
911 2450 1072 2503 scripta
1110 2462 1203 2491 esse
1245 2449 1551 2504 suspicaretur.
1615 2448 1677 2491 Ut

103 2508 239 2563 igitur
276 2523 414 2564 pauca
449 2510 726 2563 praemittam
759 2508 812 2550 de
845 2508 919 2551 illo
952 2512 1130 2559 secreto,
1184 2511 1300 2550 recte
1332 2512 1510 2551 monent
1539 2509 1675 2551 inter-

16 2574 39 2630 ᾖ
103 2572 248 2623 pretes
280 2570 465 2623 primum
497 2568 614 2623 apud
634 2568 894 2623 Aeschylum
925 2568 1047 2610 illum
1075 2567 1292 2610 Themidis
1325 2582 1419 2610 esse
1451 2568 1587 2610 filium
1620 2567 1675 2610 ab

106 2642 242 2683 eaque
281 2628 537 2682 comperisse
575 2627 799 2670 Thetidem
831 2642 858 2669 a
890 2642 1055 2670 summo
1103 2627 1198 2679 deo,
1240 2628 1277 2669 si
1308 2626 1471 2670 faceret
1502 2629 1674 2680 coitum,

19 2691 34 2744 ζ]
106 2691 409 2742 concepturam
452 2701 547 2729 esse
592 2686 729 2729 filium
776 2690 900 2741 patre
948 2688 1168 2743 majorem.
1231 2686 1383 2742 Neque
1431 2687 1559 2730 modo
1597 2687 1678 2731 hoc

25 2753 32 2793 ζ
106 2751 318 2790 secretum
365 2747 518 2789 tribuit
566 2750 696 2801 poeta
742 2746 998 2790 Prometheo
1045 2746 1122 2789 sed
1169 2747 1260 2802 ejus
1298 2747 1505 2801 temporis
1543 2747 1677 2789 futuri

18 2820 35 2863 ξς
107 2806 415 2861 praecientiam
455 2806 577 2848 auxit
614 2806 673 2848 sic
710 2809 760 2847 ut
791 2820 886 2848 eam
918 2805 1090 2862 quidvis
1120 2806 1469 2861 praesagientem
1499 2806 1677 2849 faceret.

27 2875 35 2918 ἢ·
109 2865 179 2908 Sic
215 2870 265 2908 ut
295 2866 492 2908 omittam
531 2879 628 2907 eum
661 2868 705 2907 et
735 2865 984 2920 praedicere
1018 2866 1182 2908 Aetnae
1216 2865 1374 2907 montis
1407 2868 1678 2921 eruptionem

108 2926 152 2967 in
184 2940 250 2968 vv.
284 2926 365 2968 371
403 2937 497 2980 sqq.
547 2928 591 2967 et
636 2924 756 2967 Jovis
802 2939 936 2979 vagae
984 2929 1028 2968 et
1075 2925 1273 2968 Herculis
1314 2930 1363 2967 ut
1402 2927 1679 2980 cognovimus

15 2973 17 2976 ⁴
110 2999 163 3027 ex
184 2984 362 3027 alterius
384 2984 633 3038 tragoediae
655 2983 908 3039 fragmentis
931 2982 1017 3041 (ap.
1041 2985 1184 3027 Herm.
1203 2985 1284 3039 frg.
1303 2986 1403 3036 206,
1428 2987 1678 3037 208—210‚

1351 3066 1394 3102 32⁵2
